3067 4867
204 289 246 355 20
337 308 341 315 ·
541 283 849 344 raonsoousmt.
885 288 968 343 cnr.
985 288 1038 345 nr.

206 456 300 561 quod
318 475 421 539 soceri
439 474 536 538 vitam
560 475 762 541 scribendam
786 477 920 563 putavit,
943 476 1039 542 altius
1054 462 1205 563 assurgit,
1230 478 1376 563 pleniore

205 586 360 663 oratione,
385 608 467 671 quae
490 585 564 672 plus
587 586 657 650 suci
680 597 711 650 et
726 586 844 651 coloris
860 586 968 665 habet,
991 588 1100 665 utitur,
1127 608 1165 653 ac
1180 587 1375 653 rhetoricum

205 702 352 765 ornatum
367 696 544 761 narrationi
558 693 694 773 inducit,
708 697 870 761 orationes
887 685 1059 762 artificiose
1071 680 1270 786 compositas
1282 700 1375 785 operi

203 810 359 872 inserens.
399 808 451 870 Ac
478 828 542 890 quo
569 807 672 892 magis
696 808 851 871 emineret
865 808 1041 893 Agricolae
1062 806 1163 871 virtus
1186 821 1283 894 atque
1305 832 1374 873 me-

202 918 314 994 ritum,
351 915 605 983 Caledoniorum
639 918 754 980 ducem
785 916 964 1002 Calgacum
1001 939 1065 982 non
1095 918 1199 983 solum
1228 919 1304 983 facit
1329 919 1376 985 ita

204 1028 372 1104 dicentem,
395 1036 430 1089 ut
452 1048 607 1090 summam
630 1027 858 1091 Britannorum
881 1028 1140 1113 desperationem
1162 1050 1199 1093 ac
1219 1028 1375 1093 ferociam

203 1138 359 1214 declaret,
389 1137 446 1200 sed
470 1136 582 1211 etiam,
614 1158 696 1221 quae
721 1125 894 1223 Agricolae
918 1139 1094 1225 praecipua
1116 1122 1192 1203 erat>
1206 1138 1310 1223 gloria
1332 1141 1374 1204 ad

202 1249 314 1312 ultima
337 1246 522 1311 Britanniae
544 1226 751 1332 penetrasse,
781 1258 816 1310 ut
845 1270 912 1311 rem
934 1247 1123 1313 Caledoniis
1144 1251 1283 1314 maxime
1306 1250 1373 1314 for-

201 1357 388 1423 midabilem
422 1367 452 1420 et
483 1355 679 1419 exitiabilem
710 1358 851 1422 extollat.
906 1342 1031 1421 Contra
1059 1359 1235 1444 Agricolae
1267 1360 1372 1424 oratio

202 1481 237 1535 ut
260 1476 479 1551 contemptum
504 1465 656 1542 hostium,
678 1466 724 1531 ita
746 1467 861 1531 fortem
879 1478 910 1531 et
924 1468 1077 1532 victoriae
1093 1450 1214 1534 certum
1230 1470 1372 1534 animum

202 1577 323 1663 antiqui
346 1575 485 1641 Romani
509 1576 658 1643 ostendit.
703 1576 882 1642 Victoriam
903 1578 1007 1663 ipsam
1032 1588 1138 1643 autem
1162 1590 1194 1643 et
1218 1580 1371 1665 gravissi-

200 1712 286 1753 mum
310 1708 441 1774 pugnae
464 1696 612 1751 eventum
628 1686 762 1750 Tacitus
786 1699 851 1750 tam
874 1688 1030 1773 graphice
1047 1687 1204 1775 depingit,
1227 1705 1263 1753 ut
1277 1690 1371 1755 facile

201 1812 366 1887 appareat,
391 1810 543 1882 quantam
568 1808 598 1860 et
622 1819 718 1881 quam
741 1797 944 1881 magnificam
966 1820 1036 1861 eam
1058 1820 1124 1862 rem
1148 1798 1299 1863 omnibus
1322 1800 1371 1863 vi-

201 1909 269 1975 deri
298 1908 442 1973 voluerit.
495 1907 561 1973 Sed
592 1929 748 1969 summam
780 1907 903 1992 egregii
935 1907 1025 1971 ducis
1052 1906 1237 1973 felicitatem
1263 1903 1371 1975 subita

198 2042 303 2085 rerum
327 2040 455 2081 suarum
477 2016 644 2081 conversio
668 2029 842 2081 consecuta
858 2028 916 2093 est,
939 2017 1128 2083 Domitiano
1147 2019 1370 2103 magnitudine

198 2152 304 2194 rerum
327 2127 367 2193 ab
391 2149 429 2192 eo
453 2138 616 2214 gestarum
637 2126 683 2190 ita
706 2127 814 2204 anxio,
837 2139 873 2190 ut
895 2127 957 2191 sibi
981 2140 1012 2191 et
1033 2127 1169 2213 imperio
1191 2108 1252 2193 suo
1275 2130 1370 2193 valde

198 2241 340 2315 timeret,
364 2236 404 2301 ab
428 2260 532 2322 eoque
555 2248 701 2321 tempore
723 2235 757 2300 id
781 2237 875 2300 unice
898 2248 1018 2321 ageret,
1041 2247 1076 2301 ut
1100 2238 1190 2301 illum
1212 2237 1252 2302 ab
1276 2261 1368 2302 exer-

199 2352 264 2416 citu
284 2359 477 2425 removeret,
500 2371 518 2411 a
540 2346 654 2431 quovis
676 2346 738 2410 alio
761 2347 898 2433 imperio
923 2358 1054 2424 arceret,
1079 2369 1116 2411 ao
1138 2359 1303 2435 postremo
1327 2350 1368 2413 de

196 2462 304 2527 medio
335 2459 470 2525 tolleret.
524 2456 637 2539 Quare
665 2457 821 2535 Tacitus,
854 2480 955 2541 quum
982 2457 1016 2521 id
1040 2457 1247 2544 perfecisset,
1279 2460 1369 2543 quod

198 2571 258 2637 sibi
283 2576 509 2658 proposuerat,
532 2576 568 2630 ut
589 2568 774 2631 ostenderet
789 2566 977 2653 Agricolam
992 2567 1089 2633 rebus
1104 2568 1251 2632 maximis
1266 2567 1368 2653 gestis

198 2695 319 2767 totaque
337 2680 510 2743 Britannia
536 2680 655 2742 cistricto
681 2691 709 2741 et
734 2680 863 2763 imperio
893 2678 1038 2742 Romano
1060 2680 1168 2742 addito
1188 2702 1250 2742 acu
1271 2679 1366 2742 acirim

197 2794 322 2857 summis
353 2790 544 2873 antiquitatis
571 2790 697 2851 ducibus
731 2810 794 2851 esse
815 2791 1093 2865 annumerandum,
1117 2793 1171 2853 aed
1192 2811 1264 2852 suae
1289 2801 1368 2852 aeto-

198 2904 235 2966 tis
258 2897 368 2966 docem
377 2902 479 2985 frtime
501 2900 587 2984 toape
606 2900 775 2961 sauciorum
797 2897 849 2978 (cf.
873 2918 899 2962 o.
922 2899 974 2975 39,
996 2899 1057 2977 2.),
1087 2896 1120 2961 in
1148 2898 1272 2982 reliqua
1298 2898 1367 2962 eius

194 3011 260 3076 vita
292 3008 450 3074 nudanda
484 3007 691 3073 brevissimus
718 3018 788 3083 est,
822 3007 1031 3091 celeriterque
1060 3008 1103 3070 ad
1131 3008 1228 3071 finem
1258 3008 1367 3094 operis

197 3131 360 3209 properat.
419 3118 525 3204 Igitur
553 3118 594 3183 de
625 3128 698 3181 octo
729 3116 901 3203 postremis
931 3117 1040 3193 annis,
1068 3115 1186 3204 quibus
1212 3118 1368 3204 Agricola

197 3256 238 3297 ex
253 3210 421 3296 Britannia
442 3248 589 3293 reversus
605 3228 729 3293 Romae
752 3227 785 3290 in
801 3227 929 3312 ingrato
946 3227 1012 3290 otio
1028 3225 1118 3304 vixit,
1144 3228 1240 3311 plane
1256 3226 1366 3303 silens,

195 3342 308 3430 paucis
330 3340 428 3405 modo
453 3338 510 3404 sed
530 3337 682 3425 gravibus
708 3336 901 3422 acribusque
923 3336 1029 3401 verbis
1052 3337 1094 3401 de
1108 3336 1287 3401 Domitiani
1303 3336 1365 3400 ini·

195 3452 337 3538 quitate,
365 3450 482 3514 iniuria
508 3472 544 3514 ac
572 3449 648 3514 dolo
678 3448 829 3534 exponit,
857 3448 1075 3532 adiunctaque
1104 3447 1230 3511 subitae
1251 3448 1366 3511 mortis

195 3563 378 3628 narratione
406 3560 439 3625 in
468 3560 645 3646 repetenda
672 3557 883 3623 funestissimi
911 3560 1065 3643 temporis
1092 3558 1190 3621 modo
1211 3559 1366 3621 transacti

194 3671 350 3737 memoria
373 3670 628 3757 augurandaque
650 3669 825 3756 Agricolae
847 3668 1085 3732 immortalitate
1112 3666 1238 3731 desinit.

280 3782 363 3845 Tam
390 3780 538 3867 angustis
569 3791 674 3844 autern
705 3778 824 3844 finibus
853 3777 928 3842 licet
949 3779 1045 3842 vitam
1068 3776 1245 3863 Agricolae
1267 3776 1367 3841 Taci-

195 3903 246 3956 tus
272 3891 575 3977 circumscripserit,
611 3902 717 3955 tamen
751 3910 907 3954 summam
938 3889 1007 3952 eius
1036 3886 1263 3974 praestantiam
1294 3908 1367 3952 esse

196 4012 292 4085 atque
327 4001 546 4065 admirabilem
574 4000 778 4065 dulcedinem
808 3999 1014 4064 consentiens
1042 3998 1183 4063 omnium
1213 4018 1279 4089 vox⁸
1307 4009 1365 4062 est.

194 4110 311 4195 Neque
340 4121 446 4175 tamen
477 4112 547 4177 sola
575 4111 733 4175 factorum
758 4109 817 4173 viri
849 4108 989 4173 narratio
1019 4130 1090 4172 eam
1120 4106 1365 4172 admirationem

195 4219 316 4307 genuit.
360 4220 496 4307 Quippe
517 4220 668 4299 Tacitus,
693 4220 770 4285 dum
792 4220 981 4306 Agricolam
1003 4220 1156 4283 victorem
1179 4216 1365 4281 Britanniae

196 4329 351 4408 celebrat,
374 4330 468 4399 simul
490 4330 523 4395 id
547 4332 628 4421 agit,
656 4343 691 4397 ut
714 4332 851 4398 eundem
873 4329 973 4394 virum
996 4328 1148 4416 probum,
1181 4328 1363 4405 honestum,
