3067 4867
514 398 729 455 crannum.
766 398 798 456 o.
816 398 894 455 xrv.
911 399 975 455 xv.
1285 399 1326 468 51

158 580 193 635 et
220 592 374 656 agromm
404 592 482 636 cura
509 571 638 637 feminis
669 572 868 657 senibusque
900 581 933 638 et
963 570 1180 637 infirmissimo
1211 570 1329 655 cuique

159 702 202 745 ex
222 680 393 757 familia3'
383 684 449 770 ipsi
465 681 607 777 hebent,
629 682 709 749 mira
732 683 919 754 diversitate
942 694 1086 758 naturae,
1109 704 1207 767 quum
1230 680 1328 746 iidem

134 790 308 857 abomines
340 791 388 857 sio
420 802 527 858 ament
558 771 705 872 inertiam
738 804 771 859 et
805 794 932 858 oderint
963 772 1055 878 quiet
1056 814 1116 859 em.
1170 773 1247 856 Mos
1280 800 1329 856 est
1395 842 1397 846 ,

159 900 342 974 civitatibus
361 902 444 983 ultro
465 925 503 976 ac
520 902 637 1005 vin'tim
657 903 803 969 conferre
822 894 1023 991 principibus
1041 902 1093 967 vel
1113 902 1329 967 armentorum

158 1011 208 1076 vel
229 1010 375 1097 frugum,
405 1013 495 1097 quod
523 1035 584 1100 pro
611 1012 735 1078 honore
762 1025 932 1099 acceptum
959 1014 1054 1079 etiam
1082 1011 1328 1101 necessitatibus

158 1120 317 1190 subvenit.
361 1122 514 1189 Gaudent
534 1122 712 1209 praecipue
728 1124 935 1189 finitimarum
954 1123 1098 1209 gentium
1116 1122 1221 1200 donis,
1243 1144 1328 1208 quae

157 1253 229 1297 non·
256 1233 357 1298 modo
390 1254 409 1297 a
440 1232 596 1319 singulis,
634 1234 691 1298 sed
724 1232 856 1320 publice
888 1233 1074 1311 mittuntur,
1109 1232 1203 1298 electi
1235 1232 1327 1319 equi,

157 1364 277 1428 magna
298 1365 400 1419 arma,
418 1343 573 1430 phalerae
592 1352 799 1464 torquesque
842 1344 913 1409 Iam
934 1354 965 1409 et
987 1344 1158 1431 pecuniam
1181 1344 1329 1429 accipere

158 1452 457 1521 docuimus!

158 1673 215 1711 uon
232 1656 349 1710 multum
375 1662 499 1725 agerent
536 1654 612 1721 Quid
636 1654 723 1725 igitur
799 1656 988 1725 infirmissimo
1000 1655 1106 1727 cuique]
1125 1672 1162 1711 sc.
1176 1655 1269 1710 liberis
1283 1657 1327 1721 (cs.

158 1733 296 1788 attinebat
314 1750 350 1786 ex
370 1733 413 1786 his
434 1734 522 1787 solam
544 1732 722 1787 venationem
765 1750 789 1789 c.
804 1739 845 1802 25,
858 1735 893 1799 2.)
913 1733 995 1800 otiis,
1014 1735 1062 1804 qui
1075 1732 1143 1787 citra
1156 1742 1326 1788 senectutem

158 1811 323 1865 nominare?
350 1810 427 1881 quasi
448 1828 516 1865 vero
534 1827 590 1863 nou
607 1810 722 1863 multum
764 1828 884 1882 corpore
904 1828 1001 1881 parum
1019 1810 1112 1864 valent
1130 1812 1167 1863 ad
1184 1828 1267 1866 erma.

156 1889 393 1943 ueuuridefectus
407 1888 520 1957 quidem
533 1895 606 1941 esset
623 1887 722 1941 inmo·
799 1905 831 1942 eu
847 1888 980 1958 familia]
1006 1888 1023 1941 i.
1048 1905 1072 1941 e.
1097 1904 1129 1941 en
1148 1889 1327 1959 propinquis,

157 1965 242 2029 ribus,
258 1982 292 2019 ec
305 1973 457 2036 propterea
472 1964 501 2018 in
514 1964 660 2019 Germanis
673 1980 722 2017 no-
765 1967 801 2020 cf.
821 1984 844 2021 c.
864 1972 893 2028 7,
913 1970 936 2021 3.
965 1966 1004 2019 At
1024 1982 1046 2020 o.
1066 1969 1110 2029 25,
1132 1970 1155 2021 1.
1184 1971 1232 2030 32,
1251 1971 1274 2022 3.
1294 1983 1327 2021 ee

156 2046 268 2097 tendus.
285 2044 324 2096 At
333 2060 390 2097 non
403 2043 493 2097 solum
505 2051 721 2096 consentaneum
765 2060 835 2099 voce
854 2043 930 2095 suoi
945 2041 1142 2111 significentur.

158 2127 214 2188 est,
247 2120 334 2174 ferum
357 2127 471 2188 gentem
494 2127 523 2174 et
546 2118 722 2173 continenter
798 2120 872 2190 Ipse]
893 2117 1083 2191 Opponuntur
1102 2122 1155 2173 hae
1174 2136 1243 2173 roos
1262 2120 1326 2188 viri,

157 2198 186 2251 in
204 2197 287 2251 armis
307 2206 447 2268 agentem,
466 2196 517 2250 ubi
537 2197 643 2251 bellum
664 2214 720 2249 non
763 2206 793 2253 et
822 2198 934 2267 quidem
961 2196 1122 2261 nobilitate,
1153 2196 1325 2261 fortitudine,

158 2281 244 2339 esset,
265 2292 404 2329 armorum
420 2273 542 2328 studium
562 2273 721 2337 venatione,
763 2274 888 2330 bellandi
907 2274 999 2328 studio
1012 2273 1143 2343 insignes,
1160 2283 1190 2327 ut
1201 2274 1326 2345 potiores

158 2370 230 2423 quae
243 2352 321 2423 quasi
334 2351 426 2421 imago
439 2350 571 2416 estbelli‚
586 2351 720 2421 explesse,
763 2354 791 2407 in
818 2355 917 2416 domo,
945 2352 1043 2407 ceteris
1069 2352 1210 2421 omuibus;
1239 2368 1264 2405 v.
1290 2355 1326 2409 sd

157 2431 209 2483 ssd
225 2428 255 2481 id
271 2428 360 2499 ipsum
379 2428 484 2482 diserto
498 2426 626 2481 Caesaris
642 2428 719 2482 testi·
763 2431 859 2501 Agrio.
882 2435 921 2494 13,
944 2436 965 2485 1.

158 2504 251 2559 monio
271 2505 457 2559 confirmatur.
490 2505 584 2569 Quare
601 2524 657 2559 uon
674 2506 719 2560 vel
797 2506 938 2575 inertium]
966 2506 1060 2561 Germ.
1078 2508 1133 2559 dua
1150 2504 1326 2570 Nicbtetbuu,

158 2581 251 2637 inritis
267 2585 349 2637 codd.
368 2582 527 2637 delendum.
761 2584 1046 2653 dieUutbttte'qlceit.-
1053 2584 1326 2653 Quietem=pacem,

190 2660 283 2713 dediti
313 2676 409 2713 somno
441 2660 565 2728 ciboque]
604 2658 719 2713 Tacitus
762 2664 856 2718 otium.

156 2743 221 2790 ants
238 2736 335 2790 oeulos
353 2736 486 2791 habuisse
506 2736 720 2791 videturSallu-
797 2746 821 2795 3.
847 2756 882 2792 uc
900 2738 1015 2808 uiritim]
1040 2738 1084 2791 Ac
1101 2762 1136 2783 ε
1154 2744 1179 2791 et
1199 2737 1327 2808 quidem

156 2812 241 2867 stium
269 2812 330 2868 Get.
357 2818 390 2877 2,
418 2819 443 2888 8„
471 2813 563 2867 Multi
587 2812 720 2868 mortales
761 2835 789 2871 v.
810 2818 846 2870 ad
865 2832 887 2869 e.
909 2822 954 2880 14,
971 2821 995 2871 3.
1030 2814 1211 2885 Significatur
1234 2822 1326 2872 autem

156 2890 278 2944 dediti
302 2890 421 2943 neutri
448 2896 563 2959 atque
592 2908 719 2945 somno
761 2897 831 2948 hoo:
857 2910 911 2946 uon
938 2909 1042 2963 paucos
1066 2892 1112 2947 vel
1140 2891 1183 2946 oui
1204 2890 1324 2958 libuerit,

156 2967 264 3023 indocti
282 2966 432 3037 incultique
450 2968 537 3021 uitam
555 2968 699 3023 transiere.
761 2974 811 3027 sed
837 2987 946 3039 omues,
972 2988 1025 3041 pro
1054 2970 1153 3042 opibus
1177 2988 1325 3042 quemque,

189 3051 215 3101 2.
232 3045 375 3114 delequtu]
394 3046 571 3114 Delequntur
586 3062 628 3111 ea,
647 3063 719 3118 quae
761 3048 921 3106 contulisse.

155 3123 228 3193 quis,
246 3122 314 3191 qnia
330 3130 460 3193 tanquam
480 3125 516 3176 nd
534 3140 564 3177 se
582 3141 638 3179 non
656 3141 719 3195 per·
796 3134 983 3182 armentorum
993 3126 1056 3194 ete]
1069 3122 1191 3179 Genitivi
1201 3126 1327 3196 pendent

154 3199 272 3254 tinentia
292 3200 352 3270 ipse
376 3200 494 3270 exsequi
514 3218 569 3254 non
586 3201 652 3265 vult,
672 3199 719 3254 alii
762 3222 798 3259 ex
816 3203 903 3276 partis
922 3202 1034 3257 notione
1051 3203 1205 3270 indefinita.
1231 3203 1325 3267 Quare

155 3279 266 3347 agenda
278 3275 438 3337 committitt
459 3277 629 3341 cf.e.20,1.
659 3277 719 3332 Suo
761 3298 818 3336 non
836 3281 1020 3352 supplendum
1032 3288 1075 3335 est
1093 3280 1127 3334 id
1147 3283 1188 3346 (ut
1205 3280 1275 3334 Hist.
1288 3280 1326 3347 Π,

154 3372 287 3425 quemque
309 3362 399 3409 muter
422 3354 552 3408 uberibus
573 3355 641 3420 atu,
669 3372 720 3408 uec
762 3366 810 3425 44,
833 3366 857 3417 4.
882 3375 1024 3429 superenne
1048 3376 1108 3411 cum
1134 3358 1196 3426 ipso
1221 3358 1326 3411 Othone

154 3433 269 3487 aeduis
286 3450 321 3486 ue
331 3432 483 3486 nutricibus
499 3432 718 3500 deleqautur.
760 3437 889 3501 militum,
908 3438 985 3506 quod
995 3444 1074 3489 trous
1086 3436 1201 3489 Pactum
1210 3436 1326 3504 suerit),

188 3512 288 3564 domus
299 3517 325 3564 et
333 3510 491 3581 penatium]
512 3511 623 3563 Demus
634 3509 718 3579 signi·
760 3516 811 3568 sed
832 3514 957 3584 aliquid,
983 3531 1055 3582 quae
1079 3511 1183 3582 ellipsis
1208 3529 1325 3567 excusa·

152 3588 218 3643 ticet
231 3596 349 3641 externa
365 3587 404 3641 rei
423 3588 592 3641 domesticae
606 3587 719 3654 negotia
760 3592 865 3644 tionem
883 3592 968 3644 habet
985 3608 1002 3643 a
1019 3598 1154 3659 sequente
1174 3589 1299 3644 relativo.

153 3665 287 3735 ipsosque
302 3664 414 3718 labores
427 3664 604 3735 quotidianos
615 3666 718 3728 (Haue-
791 3686 848 3739 pro
859 3668 973 3737 bonore]
988 3669 1082 3723 Germ.
1095 3669 1139 3722 ala
1151 3669 1324 3737 Etreuqube.

152 3742 356 3811 wirtbretafl);
382 3744 416 3797 ot.
443 3759 467 3795 e.
492 3748 538 3806 25,
558 3748 581 3798 2.
620 3743 718 3802 Cetera
798 3745 986 3814 Gaudeut1v
1007 3748 1083 3799 ade.
1102 3753 1127 3810 5,
1146 3752 1169 3803 2

153 3823 275 3875 domus
299 3820 399 3891 officie
418 3837 489 3873 uuor
513 3836 549 3874 ac
572 3820 655 3875 liberi
673 3837 717 3873 ere
794 3842 851 3877 nou
869 3824 1004 3878 modo-
1021 3824 1081 3892 sed]
1102 3841 1129 3877 v,
1150 3826 1228 3882 ade
1249 3833 1289 3895 10,
1302 3833 1325 3883 4.

151 3906 360 3969 sequuntur-.-
328 3898 500 3953 -Peuutes
527 3897 657 3953 dicuntur
682 3901 717 3953 de
795 3902 859 3955 Iam
876 3908 903 3955 et
915 3902 1066 3969 pecuniam
1087 3901 1149 3971 ete]
1174 3902 1239 3958 Ium
1258 3902 1324 3959 diei·

152 3976 271 4031 internis
289 3974 444 4030 rationibus
461 3978 649 4031 moderandae
668 3978 718 4031 do·
760 3986 822 4045 tur,
852 3969 936 4049 quum
964 3978 1070 4048 aliquid
1097 3979 1144 4043 fit,
1174 3984 1251 4051 quod
1278 3992 1326 4036 aut

152 4070 230 4123 mus,
261 4053 361 4144 quibus
391 4053 503 4108 tuendis
533 4056 602 4108 ordo
633 4061 717 4123 atque
759 4056 848 4109 multo
868 4056 956 4109 serius
975 4055 1034 4109 fieri
1054 4058 1258 4127 exspectarive,
1278 4069 1326 4116 aut

152 4138 240 4184 status
277 4131 318 4184 rei
356 4132 525 4186 domesticae
560 4131 718 4186 continet-ur
760 4151 872 4189 ommno
885 4152 942 4187 non
953 4134 1012 4187 tien
1030 4135 1140 4203 debuit;
1161 4136 1195 4192 cf.
1210 4154 1232 4191 e.
1246 4144 1288 4202 33,
1301 4144 1325 4195 3.

153 4208 303 4277 (Orduuuq
327 4211 388 4263 und
410 4210 528 4279 Leituw
552 4212 601 4264 dee
623 4211 718 4263 Haus-
762 4212 881 4274 Quaado
894 4212 1012 4265 -uu‘tu‘t
1026 4212 1325 4284 tempraeetarefor·

151 4291 283 4356 weseram
302 4287 337 4342 cf.
356 4292 436 4356 cut,
455 4293 478 4343 1.
502 4288 590 4342 Suum
602 4287 718 4358 quiaque
759 4296 828 4342 tuuu
852 4289 944 4343 maius
964 4297 1070 4360 potest,
1098 4308 1181 4361 quam
1206 4292 1325 4346 bostium
1390 4282 1396 4307 ⁸

151 4362 253 4429 eedem,
273 4381 341 4417 euos
353 4376 499 4435 penates
515 4366 595 4435 reqit.
633 4370 674 4432 32,
693 4369 716 4420 3.
759 4366 941 4421 discordium.
967 4372 1008 4432 42,
1021 4372 1045 4421 3.
1076 4369 1097 4421 I
1102 4387 1151 4423 um
1166 4376 1192 4423 et
1201 4378 1325 4423 enter-uos

151 4443 195 4507 46,
215 4444 240 4494 3.
755 4445 914 4518 potiuntur.
950 4449 997 4515 44,
1016 4449 1039 4499 3.
1074 4445 1173 4501 Nullis
1192 4446 1263 4501 iem
1280 4462 1323 4501 eu·

1071 4530 1116 4595 4.
