3067 4867
33 385 36 392 ·
134 371 140 380 ’
210 375 232 442 2
560 369 865 426 raonncorumm.
903 369 986 426 cnr.
1004 370 1027 429 1.

216 542 503 628 Quemadmodum
535 551 660 622 autem,
696 544 724 607 si
755 543 888 629 ignarus
920 544 980 608 luit
1012 541 1268 620 Germanorum,
1302 543 1388 608 iusta

215 677 331 721 caussa
354 655 383 719 ei
410 653 512 718 defuit
534 652 636 718 libelli
661 655 903 731 conscribendi,
935 655 997 731 ita,
1027 654 1054 719 si
1081 653 1290 718 nihilominus
1317 674 1388 716 eam

215 788 281 830 rem
307 764 486 841 moliretur,
509 786 551 828 ne
576 765 629 829 via
653 764 785 850 quidem
808 764 837 829 ei
860 765 980 851 patuit,
1004 788 1069 850 qua
1088 786 1196 828 rerum
1216 763 1387 831 Germani·

216 898 324 941 carum
360 874 507 940 notitiam
542 873 603 939 sibi
636 885 772 961 pararet.
829 875 928 940 Unde
961 877 1046 940 enim
1080 877 1205 941 Romae
1239 873 1387 961 peteret?

215 987 356 1054 Dicunt:
387 1009 407 1050 a
430 985 547 1062 servis,
578 985 629 1049 vel
657 1009 677 1050 a
704 985 860 1050 militibus
888 985 1059 1052 Germanis
1089 986 1122 1051 in
1149 984 1229 1050 urba
1258 983 1387 1060 habitis,

216 1119 299 1184 quos
326 1106 440 1183 posset
464 1095 505 1160 de
532 1095 655 1180 patriae
680 1117 759 1160 suae
784 1096 978 1162 condicione
1005 1118 1043 1162 ac
1066 1096 1107 1160 de
1128 1095 1295 1161 hominum
1317 1116 1386 1159 mo-

215 1207 306 1273 ribus
333 1204 554 1291 institutisque
585 1207 776 1293 percontari.
827 1205 895 1273 Sed
927 1229 965 1271 ea
997 1206 1109 1294 opinio
1142 1215 1207 1270 tam
1238 1205 1388 1291 exiguam

218 1318 266 1382 vel
296 1317 406 1404 potius
438 1315 559 1380 nullam
591 1316 690 1381 habet
720 1316 1002 1402 probabilitatem,
1036 1328 1072 1381 ut
1101 1315 1293 1391 refutatione
1322 1336 1389 1379 non

217 1438 321 1516 egeat.
365 1427 450 1491 Nam
473 1437 509 1491 ut
530 1426 571 1492 de
591 1426 662 1492 aliis
685 1438 819 1505 taceam,
842 1450 926 1513 quae
949 1427 1024 1494 huic
1046 1426 1225 1493 sententiae
1248 1425 1389 1502 obstant,

217 1539 299 1623 quis,
321 1537 377 1623 qui
396 1536 446 1601 vel
467 1559 573 1623 pauca
595 1537 670 1602 libri
689 1537 798 1624 capita
818 1537 947 1624 legerit,
970 1537 1032 1604 sibi
1052 1537 1261 1625 persuadeat,
1283 1557 1390 1600 rerum

217 1647 456 1735 expositionem
487 1647 584 1712 talem
617 1670 707 1735 esse,
742 1669 827 1734 quae
855 1670 895 1712 ex
924 1647 1164 1714 narrationibus
1195 1645 1389 1712 incultorum

217 1758 385 1824 bominum
401 1757 582 1845 prodierit?
620 1759 695 1824 Non
716 1759 820 1844 magis
839 1757 1010 1845 probabile
1030 1770 1079 1823 est
1098 1769 1262 1823 auctorem
1281 1756 1391 1821 omnia

218 1893 259 1935 ex
278 1868 369 1933 libris
391 1869 538 1955 petiisse,
565 1870 599 1933 in
622 1868 742 1954 quibus
763 1881 838 1934 ante
860 1869 968 1956 ipsum
990 1869 1032 1934 de
1054 1869 1230 1936 Germania
1256 1868 1390 1954 eiusque

217 1979 333 2046 incolis
353 1991 460 2044 actum
479 1979 550 2044 fuit.
595 1977 658 2044 Cui
679 1978 827 2066 opinioni
848 1991 884 2043 ut
905 1979 1055 2044 universa
1071 1978 1170 2044 libelli
1190 1978 1272 2044 ratio
1294 1988 1390 2064 atque

219 2090 346 2155 indoles
367 2098 541 2176 repugnat,
564 2088 610 2154 ita
631 2089 854 2178 compilatoris
874 2110 1024 2177 persona,
1046 2113 1142 2174 quam
1158 2089 1275 2155 Tacito
1297 2088 1390 2153 alfin-

219 2212 307 2288 gunt,
330 2200 409 2264 tanti
431 2198 555 2284 ingenii
577 2200 735 2286 scriptore
756 2223 891 2287 prorsus
912 2200 1049 2288 indigna
1072 2211 1130 2264 est.

305 2308 593 2393 Quemadmodum
613 2311 713 2397 igitur
733 2312 849 2396 quovis
869 2311 1000 2376 nomine
1018 2309 1235 2397 improbabile
1255 2320 1303 2374 est
1325 2330 1391 2372 non

218 2422 319 2488 fuisse
340 2422 492 2486 Tacitum
513 2421 547 2485 in
566 2421 752 2498 Germania,
775 2423 821 2486 ita
842 2420 990 2508 pluribus
1014 2420 1054 2485 de
1076 2420 1201 2486 caussis
1221 2418 1391 2507 probabile

220 2555 259 2598 ac
286 2553 391 2619 paene
422 2542 543 2596 certum
572 2531 625 2609 fit,
660 2531 707 2597 ibi
733 2532 851 2608 luisse,
884 2533 1059 2619 ipsumque
1085 2553 1237 2616 magnam
1267 2542 1391 2616 partem

218 2642 340 2708 vidisse
375 2653 473 2727 atque
509 2642 715 2730 explorasse,
752 2665 838 2728 quae
874 2643 915 2710 dc
951 2656 1036 2707 terra
1071 2641 1252 2728 incolisque
1284 2640 1390 2710 tradit.

220 2753 324 2819 Cuius
345 2752 391 2817 rei
414 2753 554 2839 primum
575 2774 613 2817 ac
636 2753 862 2839 gravissimum
884 2763 1109 2839 argumentum
1131 2752 1194 2817 boc
1216 2762 1279 2830 est,
1302 2751 1391 2836 quod

221 2864 344 2948 aliquot
365 2863 446 2928 locis
468 2863 514 2930 ita
534 2862 693 2948 loquitur,
716 2873 753 2928 ut
777 2873 949 2950 appareat,
977 2863 1120 2949 aliquam
1143 2885 1217 2928 eum
1239 2861 1391 2928 babuisse

220 2973 351 3058 linguae
374 2973 608 3040 Germanorum
630 2973 868 3060 cognitionem
899 2997 995 3061 quam
1020 2995 1119 3060 quum
1140 2996 1247 3061 neque
1268 2974 1392 3038 Romae

220 3105 328 3169 neque
354 3084 388 3148 in
409 3083 505 3148 Italia
529 3083 593 3150 sibi
615 3102 804 3172 comparare
830 3097 957 3172 posset,
985 3107 1121 3152 necesse
1148 3095 1197 3150 cst
1222 3084 1296 3170 ipso
1319 3105 1392 3150 cum

222 3195 395 3281 Germanis
423 3194 616 3260 commercio
645 3214 716 3260 eam
744 3195 878 3282 linguae
907 3196 1093 3262 facultatem
1122 3195 1276 3282 adeptum
1305 3212 1391 3271 esse3

222 3305 264 3372 cl.
284 3328 310 3374 c.
332 3306 364 3384 2,
384 3306 415 3370 3.
457 3308 599 3384 „Macco
626 3308 682 3372 tta‘s
699 3309 787 3394 filios
815 3311 992 3394 assignant,
1019 3332 1034 3373 e
1064 3330 1194 3392 quorum
1220 3307 1391 3372 uertuitt'bus

216 3418 359 3503 procimi
384 3417 502 3484 Ocemo
523 3420 718 3502 Ingaevones,
745 3420 838 3483 medii
857 3419 1077 3497 Herminones,
1104 3420 1195 3482 ceteri
1215 3418 1391 3484 Istaeuones

222 3532 453 3606 vocentur,“
474 3524 530 3591 ubi
550 3527 775 3592 coniunctivus
797 3527 920 3593 indicio
941 3538 1004 3606 est,
1026 3550 1093 3592 rem
1111 3549 1192 3604 non,
1211 3526 1315 3612 qualis
1334 3547 1393 3612 per

221 3660 259 3703 se
279 3647 362 3713 erat,
384 3637 445 3702 sed
466 3659 506 3701 ex
529 3636 766 3704 Germanorum
786 3649 893 3704 mente
914 3638 1040 3715 referri3
1063 3660 1171 3723 neque
1191 3637 1283 3702 aliter
1302 3659 1391 3702 com-

222 3757 338 3835 parata
364 3759 455 3827 sunt,
484 3769 568 3833 quae
589 3748 609 3816 l.
627 3749 646 3814 l.
669 3759 856 3833 sequuntur.
908 3749 1011 3831 Quod
1038 3747 1203 3834 quomodo
1233 3746 1302 3812 fieri
1329 3769 1390 3833 po·

222 3859 350 3935 tuisset,
373 3853 439 3924 nisi
457 3858 592 3925 Tacitus
615 3859 708 3947 ipsos
731 3859 773 3924 de
795 3860 909 3926 Manui
932 3859 1006 3924 filiis
1028 3859 1090 3924 sibi
1112 3874 1314 3946 exponentes
1338 3877 1391 3922 se-

222 3970 396 4054 queretur?
438 3971 487 4036 Ut
506 3980 613 4038 autem
634 3970 727 4057 sequi
750 3981 876 4057 posset,
901 3992 985 4056 opus
1008 3978 1078 4036 erat
1096 3969 1286 4056 intelligere,
1307 3990 1391 4054 quae

222 4080 270 4144 illi
290 4079 462 4148 traderent.
506 4081 658 4167 Linguae
681 4079 897 4148 Germanicae
921 4081 1008 4146 baud
1030 4083 1177 4167 ignarum
1197 4080 1298 4146 luisse
1320 4079 1390 4167 pla·

222 4190 296 4258 nius
327 4190 424 4255 stiam
457 4202 547 4278 patet
578 4215 619 4256 cx
650 4191 691 4258 iis
723 4192 824 4269 locis,
858 4190 976 4279 quibus
1004 4191 1200 4260 Germanica
1231 4189 1391 4258 vocabula

222 4301 348 4376 laudat,
367 4301 455 4367 velut
475 4323 501 4365 c
516 4302 547 4381 6,
559 4303 590 4369 2.
619 4304 763 4382 ,flastra
779 4304 825 4370 vel
845 4305 1011 4388 ipsorum
1030 4303 1207 4370 vocabulo
1221 4305 1391 4389 frameas

222 4416 360 4501 pacata
384 4431 411 4476 c.
428 4410 461 4489 6,
483 4413 512 4482 6.
553 4415 703 4494 „Coatcai
724 4439 761 4481 ca
783 4416 911 4502 singulis
926 4417 1024 4501 papis
1042 4425 1122 4493 urat,
1141 4417 1252 4500 idque
1271 4415 1391 4500 ipsam
