3067 4867
182 316 225 383 70
554 330 557 337 ‘
600 312 787 373 coartari-11
808 314 938 372 usum

185 506 220 569 in
233 512 366 590 partem
388 526 495 571 rerum
509 504 730 592 Vespasian03
757 508 848 594 quod
868 507 997 573 initium
1018 514 1174 574 venturae
1193 525 1273 572 mox
1291 506 1358 571 for-

185 624 282 681 tunae
303 614 373 682 iuit.
416 616 570 685 Domitae
592 625 724 703 gentos,
754 617 843 706 eapti
863 640 978 706 reges,
1005 627 1040 684 et
1059 624 1258 684 monstratus
1281 615 1357 682 istis

186 725 420 813 Vespasianus.
828 770 838 785 .

125 818 128 824 ’
269 836 368 905 XIV.
390 820 763 939 Consulprium'primus
787 839 892 905 Aulus
908 837 1057 905 Plautius
1080 836 1297 927 praepositus,
1319 859 1358 903 as

183 946 325 1029 subinde
354 948 511 1015 Ostorius
541 949 702 1037 Scapula,
734 959 870 1036 uterque
899 949 985 1036 bello
1008 950 1177 1037 egregium
1210 948 1357 1015 redaeta·

185 1080 251 1144 que
279 1054 434 1145 paulatim
461 1059 495 1124 in
523 1058 661 1153 formam·
686 1060 873 1148 provincias
894 1059 1043 1149 proxima
1063 1058 1140 1147 pars
1160 1059 1357 1126 Britannias

186 1167 311 1233 Addita
337 1168 472 1257 iusuper
491 1152 715 1237 veteranorum
740 1170 880 1237 colonia.
925 1170 1099 1254 Quaedam
1120 1170 1267 1236 civitates
1284 1169 1381 1250 0042

185 1279 343 1364 gidumno
374 1280 444 1367 regi
470 1280 610 1347 donatae
638 1282 678 1364 (is
702 1282 745 1347 ad
767 1280 909 1376 n'ostuam
929 1303 1035 1368 usquo
1057 1280 1245 1347 memmium
1265 1279 1356 1345 fidis-

186 1390 286 1456 simus
315 1389 463 1473 mansit),
493 1401 600 1477 uetere
629 1414 667 1457 ao
688 1392 752 1457 iam
774 1393 901 1479 pridem
922 1404 1056 1480 recepta
1077 1392 1192 1480 populi
1216 1390 1356 1458 Romani

187 1574 297 1631 Vestem
315 1576 393 1631 -iu
411 1576 544 1631 ditionem
559 1578 667 1647 sedauit
679 1597 750 1648 pas·-
826 1569 904 1634 XIV.
928 1584 949 1635 1.
973 1576 1010 1633 A.
1026 1578 1172 1649 Plautius]
1194 1575 1356 1631 Britanniae

185 1652 235 1707 'tim
252 1654 325 1707 Auli
341 1653 454 1708 Plautii
459 1694 467 1716 ,
485 1656 642 1709 consularis
656 1656 749 1724 lopati,
791 1655 914 1728 praefuit
933 1657 968 1710 ab
988 1674 1061 1711 anuo
1074 1660 1184 1713 44-47.
1196 1675 1224 1727 p.
1238 1655 1304 1709 chr.
1314 1673 1355 1723 n.;

130 1742 132 1745 ’
184 1731 291 1803 partim
312 1730 430 1787 Claudii
445 1732 535 1803 ipsius
552 1733 642 1788 ductu.
655 1763 689 1774 —
706 1734 751 1789 De
792 1734 858 1789 inde
881 1752 967 1788 ovans
992 1734 1022 1787 in
1041 1736 1139 1788 urbem
1159 1732 1258 1798 rediit,
1284 1740 1357 1787 teste

186 1806 304 1862 Claudio
322 1807 382 1879 ipso
404 1809 439 1863 of.
458 1808 535 1864 Suet.
555 1810 654 1867 Claud.
673 1829 696 1869 o.
709 1816 750 1869 17.
791 1812 857 1865 Tuo.
873 1812 946 1866 Ann.
959 1811 1039 1880 XIII,
1055 1816 1097 1876 32,
1109 1816 1134 1867 2.
1159 1812 1237 1867 Suet.
1255 1808 1356 1866 Claud.

186 1883 240 1939 Dio
260 1882 335 1941 Cass.
354 1885 421 1950 LX,
442 1891 481 1940 19.
792 1905 816 1944 o.
835 1894 878 1945 24.

221 1972 308 2041 quod]
328 1988 365 2029 so.
376 1970 577 2043 Vespasianum
595 1972 624 2028 in
642 1980 750 2045 partem
828 1973 956 2029 Ostorius
982 1974 1123 2045 Scapula]
1156 1975 1278 2045 Legatos
1305 1972 1358 2027 luit

185 2064 279 2103 rerum
297 2050 485 2119 assumpsisse.
793 2051 948 2123 praetorius
980 2052 1016 2105 sb
1046 2069 1119 2106 anno
1150 2057 1284 2119 47—51;
1322 2052 1356 2105 of.

220 2141 350 2187 venturae
383 2151 446 2188 mou
467 2134 619 2205 fortunae]
655 2152 692 2191 so,
721 2135 750 2189 in
793 2135 868 2183 Ann.
886 2128 952 2193 XII,
972 2133 1013 2197 31,
1034 2133 1063 2198 13
1081 2128 1147 2194 XII,
1165 2133 1214 2197 353
1232 2128 1299 2198 XII,
1313 2133 1355 2185 39.

187 2209 341 2281 subigenda
364 2219 393 2265 et
410 2212 579 2266 debellanda
595 2209 749 2271 Britannia.
824 2223 1017 2269 ueteranorum
1034 2215 1156 2284 oolouia]
1178 2214 1214 2270 of.
1232 2232 1255 2269 s.
1275 2218 1316 2282 16,
1332 2220 1356 2271 1.

186 2288 371 2359 Vespasianus
400 2288 474 2343 enim
498 2307 554 2344 non
579 2289 667 2344 solum
696 2290 750 2344 vir·
791 2292 834 2346 Ea
857 2292 910 2346 fuit
929 2293 1152 2348 Camulodunum
1176 2290 1272 2361 (hodie
1292 2288 1356 2346 Col·

184 2374 244 2421 tute
261 2384 311 2421 sua
329 2366 431 2431 effsoit,
450 2374 480 2421 ut
497 2366 615 2422 Romani
635 2366 751 2422 firmiter
792 2370 930 2439 olestsr);
967 2370 1001 2426 ol.
1040 2368 1112 2426 Ann.
1148 2367 1221 2433 XII,
1255 2372 1303 2437 32,
1332 2372 1356 2423 4.

185 2445 221 2498 ab
250 2462 283 2497 eo
309 2443 374 2499 inde
399 2450 526 2515 tempore
550 2444 579 2497 in
603 2444 749 2499 Britannia
791 2446 871 2511 XIV,
889 2452 937 2515 31,
954 2453 980 2504 4.

186 2520 385 2585 oonsisterent,
404 2524 452 2576 ssd
472 2521 569 2576 militis
586 2522 749 2576 Britannica
826 2538 850 2589 2,
873 2540 962 2586 „aare
981 2561 1014 2573 ..
1032 2530 1242 2599 commane,
1258 2538 1288 2584 m
1304 2532 1355 2584 ha.

185 2615 235 2653 sua
260 2597 406 2669 impulsus,
435 2598 482 2653 ubi
504 2598 620 2670 imperio
644 2598 748 2670 potitus
792 2610 879 2681 heres]
915 2610 976 2665 vat..
1004 2615 1040 2665 Δ.
1071 2615 1101 2663 Γ.
1131 2616 1176 2676 ut,
1206 2616 1295 2663 uetere
1320 2637 1355 2647 —

186 2684 239 2741 est,
258 2674 317 2729 eius
337 2683 430 2731 terrae
449 2676 622 2747 subigendae
643 2677 748 2747 oogita·
791 2688 1001 2755 conguetudine,
1032 2687 1156 2754 haberet,
1186 2703 1260 2759 quae
1288 2683 1354 2740 mi.

184 2753 290 2807 tionem
320 2771 376 2807 non
403 2752 505 2808 dimisit
529 2772 564 2809 ex
587 2754 691 2821 animo,
721 2762 750 2809 et
791 2772 875 2837 ptura
910 2774 1008 2836 aperte
1044 2764 1114 2834 fat„
1150 2771 1199 2818 est,
1253 2762 1355 2827 Quam.

185 2829 293 2901 magnis
319 2830 435 2885 ducibus
460 2832 582 2896 Cereali,
605 2832 749 2901 Frontino,
792 2860 876 2912 quam
901 2842 974 2896 anim
1002 2841 1112 2897 oolonia
1136 2859 1188 2913 per
1213 2840 1356 2895 Ostorium

186 2908 320 2979 Agricola
346 2922 380 2961 00
405 2908 749 2991 ffl58059(0f·9·17·)p⁰·
793 2918 905 2974 oondita
941 2918 1008 2983 fuit,
1045 2927 1138 2973 tamen
1173 2916 1286 2973 Tacitus
1320 2920 1357 2973 de'

183 2993 287 3040 stremo
306 2982 417 3040 ditionis
436 2986 579 3041 Romanas
596 2986 673 3045 feeit.
791 3014 825 3051 eo
852 3004 881 3051 at
903 2996 1014 3052 Plautio
1038 2994 1208 3052 coniunctim
1231 2994 1356 3065 loquitur

219 3080 353 3135 Domitae
374 3081 476 3149 oeulos]
505 3080 570 3135 Vat.
590 3086 620 3136 Γ.
638 3085 671 3135 Δ,
686 3081 751 3149 fult
791 3074 810 3143 (
810 3082 959 3144 uterque
986 3074 1058 3129 lello
1091 3073 1250 3143 spreuisse),
1282 3081 1356 3128 sete-

185 3158 330 3213 Domitiae
352 3156 449 3227 peusis.
494 3154 623 3213 Correxit
645 3159 750 3214 Puteo·
790 3169 905 3223 ramqua
930 3150 1131 3215 narrationem,
1163 3148 1288 3205 neutrius
1311 3168 1355 3205 ra-

185 3231 273 3289 lanus.
530 3228 532 3233 ’
791 3228 868 3285 tione
891 3228 1001 3294 habita,
1029 3226 1172 3283 indefinite
1200 3244 1251 3299 per
1269 3226 1356 3299 passi·

220 3318 387 3366 monstratus
398 3308 488 3383 satis]
512 3312 595 3367 Fatis
612 3312 749 3369 ablativus
792 3325 857 3361 vum
880 3308 1015 3376 (redacta
1039 3335 1071 3345 -
1094 3306 1198 3360 addita
1215 3335 1250 3345 -
1267 3308 1356 3378 doua-

186 3397 235 3446 est.
271 3388 390 3444 Sensus:
426 3407 445 3443 a
472 3390 551 3456 fatis
587 3391 751 3461 conspicuus
791 3384 855 3453 tas)
879 3383 1052 3455 exsequitur,
1084 3391 1114 3437 ut
1139 3382 1251 3437 haberet
1278 3383 1355 3437 nullo

185 3466 314 3541 redditus
339 3475 378 3521 est
396 3474 422 3520 st
440 3467 524 3536 quasi
534 3468 749 3539 proesiyaiflsa-
791 3470 875 3535 pasto
890 3464 927 3516 ad
939 3461 1079 3516 Ostorium
1093 3460 1245 3515 subiectum
1256 3459 1356 3515 referri

186 3554 228 3601 tus
241 3552 298 3599 tum
313 3544 509 3614 Vespasiorum,
529 3545 578 3614 qui
593 3545 749 3615 aliquando
791 3539 894 3612 possit3
915 3547 943 3594 et
963 3540 987 3593 si
1005 3547 1111 3611 posset,
1130 3539 1266 3593 absonum
1283 3539 1357 3593 foret

181 3624 316 3694 princeps
333 3624 453 3691 futurus
471 3631 546 3677 esset.
583 3622 695 3695 Quippe
714 3640 749 3677 ex
791 3618 850 3689 ipsi
870 3616 971 3681 tribui,
1004 3618 1080 3687 quod
1106 3616 1212 3687 populi
1233 3615 1358 3669 Romani

187 3700 246 3755 sius
265 3700 368 3754 virtuts
387 3707 415 3753 st
433 3700 552 3753 strenuis
573 3700 667 3767 laetis,
689 3701 750 3772 qui·
793 3702 866 3759 erat,
895 3712 976 3765 reges
1003 3692 1143 3748 servitutis
1172 3693 1355 3748 instrumenta

182 3779 237 3833 'bus
255 3785 313 3833 turn
333 3794 427 3832 omnes
444 3778 605 3848 superabat,
629 3782 749 3849 prudeu·
792 3774 903 3827 habere.
937 3773 1044 3827 Looum
1068 3769 1176 3825 sanavit
1195 3772 1355 3838 Rhenanus,

184 3864 227 3909 tes
262 3855 451 3911 coniecturam
481 3872 582 3927 uapore
597 3863 749 3927 vpoterant,
791 3859 822 3905 ut
844 3848 982 3921 partionis
1005 3848 1034 3902 in
1053 3849 1145 3903 losum
1162 3866 1255 3918 suum,
1279 3850 1355 3904 undo

185 3935 220 3988 ad
239 3950 344 3989 summa
363 3951 424 3988 eum
441 3940 647 4005 perventurum.
675 3933 749 3987 Con·
790 3937 868 3983 mota
897 3926 964 3993 fuit,
999 3926 1130 3998 reposita.
1178 3926 1237 3981 Iam
1268 3928 1357 3981 verba

185 4010 289 4065 tinetur
311 4012 381 4067 hueo
406 4010 541 4066 sententia
563 4010 652 4083 magis
671 4010 750 4078 fatis
791 4003 1356 4060 uetere-ooamastudinsunivorsooaus·

186 4106 269 4160 quam
292 4096 460 4143 monstratus
484 4106 569 4153 voce,
600 4106 673 4160 quas
698 4106 749 4161 per
788 4102 851 4138 ram
870 4083 998 4152 afferunt,
1016 4099 1067 4135 our
1084 4080 1209 4136 civitates
1227 4081 1286 4153 regi
1305 4081 1354 4136 do·

185 4183 215 4220 so
236 4173 341 4220 tanturn
361 4166 536 4222 eminentiam
556 4168 695 4239 quandam
709 4166 749 4219 in·
791 4170 874 4216 natae
891 4160 961 4228 sint3
989 4158 1161 4215 enuntiatum
1179 4166 1271 4215 autem
1290 4177 1357 4215 oon-

186 4242 275 4312 dioat;
297 4242 749 4311 ot.Htst1‚88,1.Dotabetla-
792 4237 944 4295 seontirum
976 4239 1025 4308 (ut
1054 4237 1224 4291 habau-
1251 4236 1357 4309 repes),

184 4328 287 4375 oetuao
299 4320 408 4375 aomina
422 4328 448 4374 at
455 4322 667 4393 propinquitate
679 4318 750 4377 Gal-
793 4316 870 4373 ouius
890 4316 1044 4372 subiectum
1063 4322 1106 4370 ost
1127 4314 1250 4385 popualus
1266 4313 1357 4379 som..

184 4398 236 4453 lae
254 4428 287 4439 -
307 4406 541 4453 monstratus.
793 4412 829 4451 ex
851 4397 1040 4467 praecedento
1062 4409 1128 4448 oasa
1147 4392 1263 4463 obliquo
1280 4408 1357 4448 assu·
