3067 4867
565 360 782 422 euentum.
820 358 946 419 c.1.11.
1298 357 1340 427 27

169 548 201 601 et
227 536 401 603 immensus
423 536 507 601 ultra
535 545 636 619 utque
663 536 712 599 sic
734 533 870 599 dixerim
900 534 1055 599 adversus
1079 533 1234 600 Oceanus
1261 532 1341 601 raris

144 648 211 713 reb
234 647 313 713 orbe
333 659 446 713 nostro
467 646 603 713 navibus
625 646 741 712 aditor.
786 645 870 727 Quis
887 666 995 731 porro,
1017 653 1146 730 praeter
1160 643 1341 730 periculum

168 758 293 825 horridi
315 769 348 823 et
368 758 474 845 ignoti
495 757 603 833 maris,
626 756 709 823 Asia
730 765 788 822 aut
805 756 918 821 Africa
939 765 995 824 eut
1014 755 1109 821 Italia
1129 755 1241 821 relicta
1256 754 1340 823 Ger·

169 869 309 962 maniam
331 881 469 955 peteret,
491 868 661 933 intormem
681 866 785 945 terris,
809 888 959 953 asperam
980 866 1084 943 coelo,
1108 866 1230 934 tristem
1253 866 1341 935 cultu

169 963 381 1066 aspectuque,
403 979 467 1045 nisi
489 978 518 1044 ei
539 978 644 1066 petria
666 977 730 1044 eit?

144 1105 160 1154 3
255 1087 431 1155 Celebrant
466 1089 661 1155 carminibus
694 1086 854 1171 antiquis,
892 1071 981 1172 quod
1013 1109 1112 1151 unum
1146 1086 1235 1174 apud
1269 1087 1342 1161 illos

168 1202 345 1266 memoriae
367 1212 399 1266 et
421 1182 584 1265 annalium
608 1222 713 1287 genus
736 1206 799 1277 est,
825 1198 1017 1263 Tuistonem
1046 1198 1142 1261 deum
1165 1208 1249 1263 terra
1271 1198 1340 1263 edi-

169 1321 248 1389 tum,
269 1312 416 1378 etlilium
431 1312 600 1389 Mannum,
620 1310 779 1395 originem
797 1308 905 1395 gentis
923 1310 1183 1395 conditoresque.
1215 1311 1340 1375 Manno

168 1422 227 1487 trie
254 1422 340 1487 filios
373 1423 557 1509 assignant,
590 1444 609 1486 e
641 1442 780 1506 quorum
812 1418 998 1485 nominibus
1032 1420 1172 1507 proximi
1204 1420 1340 1487 Oceano

202 1625 278 1683 1L1.
296 1628 380 1697 Ipsca
398 1627 566 1697 Gemmaoe]
585 1627 652 1697 Ipee
669 1645 735 1698 pros
810 1624 932 1693 horride]
952 1624 969 1681 i.
982 1642 1007 1679 e.
1026 1625 1116 1680 ventis
1135 1626 1218 1680 valde
1234 1624 1340 1696 agitati.

169 1721 269 1759 nomen
288 1707 361 1759 hanc
379 1706 466 1760 habet
482 1705 551 1771 rim,
576 1713 606 1759 et
624 1705 735 1761 incolae
810 1702 961 1770 informem
978 1702 1071 1772 terrie]
1091 1704 1220 1771 Informe
1232 1703 1341 1770 dicitur,

169 1792 348 1853 opponantur
367 1792 474 1853 terrae,
501 1785 538 1837 de
560 1800 617 1853 que
640 1782 669 1837 in
687 1802 734 1838 eu·
777 1778 910 1850 quicquid
925 1796 991 1833 cura
1004 1789 1089 1851 atque
1103 1798 1189 1851 opera
1200 1780 1341 1835 hominum

166 1860 326 1929 periorihue
342 1860 460 1929 dictum3
478 1861 716 1931 cf.Agric.13,1.
776 1874 832 1911 uon
855 1856 1029 1912 elaboratum
1049 1865 1104 1923 est,
1123 1875 1156 1913 ec
1176 1860 1274 1913 rudem
1294 1878 1350 1928 na·¹

202 1938 419 2007 revocaremur]
434 1940 489 1993 Per
499 1957 618 2009 zeugma
631 1957 667 1993 ex
679 1941 734 1993 hoe
775 1942 855 1988 turae
873 1942 973 1988 statum
991 1935 1108 2005 retinet3
1128 1936 1163 1990 cf.
1179 1942 1218 1999 16,
1232 1942 1256 1993 2.
1275 1938 1341 1991 Ma-

169 2016 256 2069 verbo
274 2018 311 2069 ed
327 2034 521 2087 praegreeeam
538 2025 617 2071 terra
634 2034 734 2073 vocem
775 2011 850 2068 teria
866 2042 901 2049 —
922 2019 1035 2067 uteretur
1058 2014 1221 2081 informi.
1256 2020 1298 2076 45,
1317 2020 1341 2069 3·

168 2094 365 2147 resumendum
398 2096 606 2164 advertebam
642 2113 667 2149 v.
698 2095 734 2147 ad
778 2090 911 2144 Scaeam
934 2119 968 2128 —
993 2090 1164 2158 informe
1185 2092 1340 2160 perfertur.

168 2170 264 2239 Agric.
282 2169 312 2225 in
331 2169 387 2226 ind.
406 2190 429 2227 e.
447 2174 474 2226 h.
493 2190 517 2226 r.
775 2168 813 2223 H.
831 2167 848 2220 l.
870 2166 990 2221 maxime
1010 2169 1187 2237 cogitandum
1212 2170 1247 2223 de
1265 2168 1342 2223 silvis

202 2248 365 2302 adventibus
384 2257 411 2302 et
428 2249 568 2319 torpitie'e]
591 2249 735 2305 Advertere
775 2245 897 2301 horridis
928 2247 1075 2316 foedisque
1104 2246 1254 2317 paludibus
1286 2248 1341 2315 (ct.

169 2334 234 2380 sent
244 2325 455 2396 peregrinorum
472 2345 508 2381 ex
522 2327 635 2382 remotis
652 2327 734 2383 terris
778 2328 819 2387 30,
840 2325 884 2391 1.).
903 2353 936 2363 —
964 2325 1071 2379 Terrae
1088 2324 1181 2379 dictae
1199 2342 1251 2395 pro
1269 2324 1341 2381 eolo.

170 2402 395 2473 migrantium,
408 2404 533 2475 torpitia
544 2404 734 2475 proximorum
810 2400 925 2471 tristem]
948 2402 1049 2455 Tre'ete'e
1066 2399 1173 2472 pariter
1190 2412 1273 2473 atque
1292 2420 1342 2473 op·

170 2489 199 2535 et
217 2481 375 2537 confinium.
776 2477 897 2549 positum
929 2481 1097 2537 vocabulum
1128 2480 1217 2535 laeter
1248 2490 1276 2535 et
1306 2482 1341 2535 de

202 2560 308 2630 mietee]
329 2561 373 2615 Ita
390 2560 453 2614 cod.
465 2559 506 2623 Ρ.,
525 2557 610 2614 ceteri
626 2558 735 2613 mietoe.
777 2556 879 2609 affectu
897 2555 981 2609 animi
1001 2558 1072 2629 ipso,
1098 2566 1126 2612 et
1145 2560 1243 2626 dere,
1268 2575 1341 2627 quae

171 2637 205 2692 cf.
224 2653 247 2690 c.
265 2644 290 2701 6,
309 2644 333 2695 5.
352 2643 395 2705 46,
416 2643 440 2693 1.
460 2636 557 2707 Agric.
575 2642 600 2702 4,
612 2641 637 2691 4.
655 2641 697 2700 25,
709 2641 734 2691 2.
777 2632 855 2687 illum
868 2635 998 2689 affectum
1013 2636 1128 2704 excitat,
1141 2635 1250 2691 dicitur.
1270 2638 1341 2690 Ger·
1418 2651 1422 2657 ·

204 2714 352 2769 imneereeee
368 2716 447 2769 altra
464 2714 527 2783 etc]
550 2714 632 2769 Ultro
649 2712 735 2785 parti-
777 2710 884 2765 manica
909 2714 936 2766 h.
955 2712 972 2766 l.
997 2720 1054 2767 est:
1085 2713 1230 2781 moselle,
1251 2714 1341 2783 elend,

170 2792 243 2859 cala,
255 2791 434 2863 quatermini
449 2791 632 2862 transgressio
649 2790 734 2860 signi·
769 2790 960 2857 jdmmerle’clr.
983 2820 1018 2829 -
1048 2789 1146 2845 Oeltee
1172 2792 1197 2846 h.
1220 2792 1238 2845 l.
1266 2809 1342 2845 com·
1415 2814 1416 2817 ¹

170 2869 283 2933 ficetur,
307 2872 334 2923 h.
355 2870 373 2924 l.
398 2870 525 2925 adverbii
553 2868 580 2922 vi
604 2886 735 2937 magnam
777 2865 908 2937 plectitur
925 2867 1030 2936 omnia,
1048 2886 1120 2940 qnae
1138 2868 1263 2925 homines
1281 2870 1341 2924 sive

168 2946 401 3017 &minoritatem
411 2946 523 3012 indicet,
534 2964 607 3018 quae
619 2946 734 3001 multum
778 2960 877 3013 agrum
895 2945 1023 3011 colendo,
1040 2946 1099 3000 sive
1116 2948 1291 3002 aedificando
1305 2949 1343 3002 ad

169 3042 252 3095 snpra
287 3033 368 3080 notos
406 3026 538 3080 terminos
570 3023 734 3095 porrigitur.
777 3021 867 3093 ipsam
879 3029 982 3079 terrem
994 3024 1151 3079 addunt-
1169 3025 1276 3095 Aperte
1289 3024 1342 3077 Te·

170 3100 330 3157 vernacule
353 3112 459 3160 vertes:
482 3106 533 3159 der
554 3103 665 3156 westbiri
684 3120 734 3155 un·
777 3101 848 3155 citus
871 3100 900 3155 in
919 3103 972 3155 hac
993 3100 1160 3157 Germaniae
1180 3102 1274 3173 inopia
1293 3104 1342 3157 de·

170 3196 326 3235 ermessene
354 3180 461 3236 Ocean.
506 3182 598 3245 Quem
626 3180 735 3249 loupia-
776 3178 925 3234 scribenda
952 3179 988 3233 de
1012 3178 1111 3233 Italiae
1138 3179 1214 3235 felici
1241 3190 1342 3235 natura

169 3258 283 3326 crateae
299 3257 441 3313 notionem
459 3264 491 3312 ut
508 3265 611 3327 augeat
628 3265 734 3325 auctor,
777 3256 949 3327 egregioque
969 3257 1045 3311 cultu
1065 3256 1205 3327 cogitavit.

168 3333 248 3388 addit
264 3337 407 3402 adeam,
429 3335 446 3392 i.
464 3352 490 3390 e.
509 3352 542 3389 err
561 3336 680 3408 adverse
697 3334 735 3387 ri·
811 3334 869 3387 arei
883 3334 918 3402 se]
946 3334 989 3388 Ita
1008 3335 1093 3405 longe
1113 3334 1224 3406 plurimi
1246 3336 1342 3406 cedd.;

168 3420 226 3477 aa,
249 3414 334 3482 pune
357 3414 389 3466 et
406 3415 529 3468 adrem
546 3411 735 3467 econtrario
777 3412 825 3465 am
849 3412 907 3464 nee
930 3412 990 3464 aer.
1020 3430 1045 3468 v.
1072 3414 1108 3468 se
1131 3414 1227 3483 Agru.
1250 3405 1297 3479 er,
1316 3419 1341 3469 2.

169 3490 270 3543 orbie
293 3490 414 3544 rostri
429 3499 514 3561 perte
536 3490 622 3555 retem,⁸
648 3489 734 3559 idque
778 3487 908 3543 Ceterum
927 3490 997 3543 haec
1015 3492 1104 3544 verba
1122 3508 1204 3545 sensu
1222 3508 1278 3547 non
1297 3510 1341 3547 re·

169 3566 259 3636 iprum
272 3585 357 3638 quem
374 3568 482 3638 aliquid
499 3567 604 3623 insoliti
622 3569 734 3636 habeat,
776 3566 905 3621 feruntur
925 3567 962 3621 ed
979 3565 1041 3635 oete
1053 3575 1207 3637 peteret,
1232 3571 1284 3625 sed
1305 3570 1341 3623 ed

168 3644 335 3700 sententiam
375 3648 583 3715 quodammodo
626 3644 734 3715 mitigat
776 3642 915 3699 adiective
941 3644 1103 3713 triformem,
1125 3663 1270 3717 emerem,
1292 3648 1342 3701 tri·

169 3724 264 3777 verbis
281 3731 363 3793 etque
382 3723 424 3777 sie
441 3724 568 3778 demerim
776 3728 857 3789 atem,
888 3724 962 3777 unde
993 3722 1124 3792 suppleas
1156 3724 1340 3778 sententiam:

203 3800 241 3855 ab
260 3801 325 3854 orbe
342 3800 447 3870 eostre]
468 3802 512 3855 lta
530 3800 662 3856 dicebant
676 3801 734 3855 Ro·
776 3816 848 3869 qeoe
866 3799 940 3853 nelli
951 3800 1068 3868 placere
1081 3807 1180 3869 poteet.

169 3878 244 3931 meni
264 3886 353 3933 terres
376 3878 431 3934 eibi
450 3887 530 3933 notae
550 3896 658 3949 suoque
682 3878 734 3932 im·
812 3881 835 3931 3.
856 3876 1024 3946 Tuistonem]
1046 3876 1139 3947 Vulgo
1161 3877 1342 3949 Tecmonem

168 3953 249 4025 perio
269 3954 422 4019 subiectam
443 3957 479 4010 cs.
497 3955 591 4027 Agric.
609 3973 634 4010 c.
655 3961 696 4022 12,
709 3961 733 4012 3.
776 3956 826 4007 sed
837 3952 862 4005 T
875 3963 1017 4025 praestent
1030 3954 1113 4025 longe
1125 3954 1237 4024 plurimi
1249 3957 1342 4024 codd,

169 4032 291 4105 Dies-em
301 4034 398 4102 spotia
410 4033 488 4088 ultra
503 4034 623 4088 nostri
639 4034 735 4087 orbis
777 4030 860 4085 etiam
878 4032 911 4095 ii,
929 4031 977 4103 qui
997 4033 1069 4087 salso
1091 4032 1258 4102 Trietoreena
1279 4034 1342 4087 Tir-

168 4126 336 4163 meaeerem.
775 4118 889 4175 mortem,
909 4110 1057 4179 Platonem,
1077 4110 1232 4180 Bietoeem,
1256 4112 1342 4165 Ve'eto·

204 4192 230 4243 2.
241 4195 358 4257 praeter
365 4188 533 4258 perieulum]
551 4186 569 4243 i.
579 4204 649 4243 ene
660 4204 735 4243 com·
776 4203 838 4241 cem
855 4188 968 4241 habent

169 4282 320 4321 memorem
330 4265 495 4336 periculum,
513 4273 544 4319 nt
560 4265 735 4321 discedamus
811 4264 949 4334 originem
958 4264 1045 4334 peritis
1056 4264 1275 4336 conditoresque]
1290 4265 1341 4321 Ce-

168 4359 189 4397 a
209 4342 353 4414 pericul03
378 4361 403 4399 v.
426 4346 464 4399 ed
481 4342 578 4414 Agric.
604 4361 628 4400 e
650 4350 691 4412 11,
710 4349 734 4401 3.
777 4341 922 4397 lebrantm·
944 4341 1043 4397 Tuisto
1066 4350 1095 4397 et
1117 4343 1238 4399 Meonus
1261 4343 1341 4411 oripo

169 4418 244 4477 intre
260 4436 285 4477 c.
301 4426 345 4487 44,
365 4426 389 4477 1.
777 4421 881 4492 gentis,
907 4420 974 4491 quie
996 4420 1126 4476 universa
1150 4438 1220 4492 geor
1244 4421 1279 4474 ab
1299 4419 1340 4488 iis,
