3067 4867
150 381 156 393 ·
217 392 262 465 24
677 386 933 452 ammomum

285 574 328 625 40.
362 566 548 636 Menobardi
571 564 654 638 pauci
679 568 730 621 aad
754 568 850 621 fortae.
872 596 908 607 -
935 566 1091 636 Reudiyni,
1114 567 1252 636 Auiones,
1279 563 1393 637 Aequi,

223 662 335 731 Varini,
358 663 501 730 Eadoaaa,
529 660 706 726 scardona,
733 662 889 715 Naitkoaaa
918 661 946 716 in
971 679 1116 718 commune
1142 662 1259 717 Ertham
1286 661 1394 718 colunt.
1427 644 1432 649 ’

216 756 284 811 Eine
307 759 377 812 deae
398 757 487 811 caltua
508 756 537 810 in
560 756 651 811 inaula
667 757 782 811 Oceani.
818 758 893 812 Dum
911 759 990 812 adeat
1007 756 1133 829 pepulit,
1158 775 1215 829 pax
1235 754 1394 812 communia

217 851 348 922 agitatur.

285 952 328 1002 41.
364 946 410 1001 Ad
428 946 533 1001 Suevos
557 944 586 998 in
608 943 783 999 meridionali
807 951 888 1015 parto
906 943 1073 1001 Germaniae
1090 944 1232 1016 pertinent
1250 944 1395 999 Har-maa·

216 1044 297 1113 dar-i,
317 1040 451 1097 cultioraa
468 1048 496 1093 et
514 1038 648 1093 Romania
666 1039 723 1094 lidi.
1301 1090 1304 1105 ,

285 1142 326 1193 42.
360 1136 419 1191 Hoa
443 1133 584 1206 excipiunt
605 1133 732 1202 Nariata‘,
753 1132 967 1203 Marcomanni,
993 1134 1094 1197 Grandi.
1137 1133 1175 1191 Hi
1197 1136 1253 1189 duc
1276 1132 1396 1204 regibus

215 1240 328 1304 parent,
346 1232 473 1286 Romana
491 1228 659 1284 auctoritate
678 1226 787 1282 adiutis.

284 1333 327 1383 43.
362 1327 388 1381 Α
410 1333 491 1395 tergo
508 1324 769 1378 Marcomannorum
794 1328 857 1376 aunt
878 1322 1038 1392 Marcioni,
1060 1322 1191 1393 Garoias,
1210 1323 1276 1390 Oai,
1295 1322 1397 1390 Baria‘,

216 1443 252 1479 ex
271 1423 370 1491 quibua
390 1418 503 1475 Gothini
524 1416 659 1485 Gallicae,
679 1415 729 1471 Oai
747 1415 927 1471 Pannonicae
951 1416 1064 1487 originis
1085 1417 1225 1473 videntur.
1245 1447 1279 1458 —
1308 1416 1398 1472 Ultra

216 1517 377 1572 continuum
397 1515 532 1569 montium
552 1513 662 1583 iugum,
685 1514 762 1582 quod
782 1510 912 1566 Sueviam
935 1510 1051 1577 dirimit,
1075 1520 1162 1583 agunt
1178 1512 1271 1581 Liya'a',
1292 1510 1398 1579 Harii,

215 1613 397 1680 Helvenaciae,
416 1608 554 1677 Marcioni,
573 1607 676 1673 Elati,
696 1606 905 1661 Natooarvati.
942 1608 1026 1678 Apud
1042 1606 1255 1661 Nabanarvaloa
1279 1623 1397 1661 sacrum

159 1778 164 1785 ,
215 1724 328 1771 namna,
351 1705 458 1759 Castori
482 1713 511 1759 et
531 1702 638 1757 Polluci
664 1702 793 1755 dicatum.
812 1730 845 1739 -
870 1699 950 1755 Harii
975 1718 1060 1772 aupra
1085 1703 1199 1757 modurn
1225 1700 1279 1757 seri
1305 1708 1396 1773 atque

215 1810 315 1856 trncoa.
334 1830 369 1841 -·
396 1798 537 1855 Gotkoaca
563 1799 614 1851 aub
640 1796 753 1867 regibus
775 1803 846 1849 aunt.
866 1824 898 1834 -
926 1796 1070 1851 Oceanum
1092 1797 1225 1851 accolunt
1248 1796 1344 1865 Rara
1368 1802 1398 1851 et

213 1896 346 1951 Lemovii.

283 1997 324 2047 44.
362 1989 497 2044 Monam
515 1985 638 2040 civitatee
655 1983 684 2037 in
703 1983 818 2037 Oceano
837 1980 971 2036 classibus
990 1982 1096 2047 valant,
1116 1983 1233 2039 navibus
1252 1984 1397 2055 peculiari

214 2087 307 2141 forma
325 2092 442 2138 utentes.
482 2079 582 2133 Clauaa
603 2078 656 2132 illia
675 2095 753 2131 arma
773 2085 802 2130 at
821 2093 907 2146 grave
926 2076 1000 2146 regia
1018 2076 1175 2148 imperium.

284 2186 325 2235 45.
361 2178 452 2230 Trana
471 2174 590 2229 Suionaa
608 2190 686 2227 mara
702 2172 812 2242 pigrum
831 2179 860 2223 et
878 2170 939 2224 tinia
957 2179 1080 2226 naturae.
1092 2202 1126 2211 —
1144 2172 1177 2226 In
1197 2175 1300 2228 dextro
1321 2173 1397 2229 Sue·

213 2274 267 2329 vici
286 2273 368 2328 maria
390 2272 473 2326 litore
489 2270 650 2324 Acatiorum
674 2274 740 2320 aunt
764 2273 874 2335 gentes,
900 2265 993 2319 matria
1013 2267 1129 2320 deorum
1150 2265 1287 2336 cultorne,
1313 2270 1396 2340 apud

214 2387 283 2441 quoa
301 2368 428 2423 nucinum
448 2364 576 2420 nancitor.
594 2392 629 2403 -
649 2361 715 2417 Bina
731 2367 839 2415 natura.
857 2389 891 2399 —
914 2358 1023 2414 Sitooaa
1041 2360 1162 2416 feminae
1181 2369 1291 2435 parent.

260 2564 314 2624 vn.
348 2562 480 2622 llatlonoa
501 2558 634 2635 quaedam
652 2536 839 2615 romanum
858 2567 939 2629 quau
957 2554 1149 2617 Germanorum
1170 2560 1336 2620 stultiores.

282 2708 324 2759 46.
359 2700 485 2768 Peucini,
509 2697 609 2766 Veneti,
626 2696 719 2752 Fanni
738 2692 871 2748 Sarmatia
891 2692 985 2763 aliqua
1002 2710 1038 2747 ex
1057 2702 1136 2765 parta
1157 2696 1271 2762 similae,
1290 2716 1396 2769 quam·

213 2815 297 2870 qnam
315 2798 371 2851 alia
388 2796 421 2850 iia
437 2791 605 2848 Germanica
621 2799 693 2844 aunt.
706 2819 739 2829 -
757 2787 847 2842 Fanni
865 2805 968 2842 summa
987 2786 1098 2844 scritate
1117 2796 1146 2844 et
1163 2800 1347 2863 paupertate.
1359 2822 1395 2833 -

211 2892 372 2947 Fabuloaao
390 2888 518 2944 nationea
535 2886 662 2941 Helluoii
679 2893 707 2939 at
726 2883 854 2937 Ocionaa.
