3067 4867
312 286 362 340 Du
382 282 516 340 TACITI
533 282 706 338 SCRIPTIS
725 280 776 335 ΕΤ
793 279 1132 335 monumemtum.
1267 280 1307 346 13

140 487 255 565 postea
276 474 477 563 pingeretur,
500 472 615 556 plenus
638 470 749 536 titulus
770 470 831 535 init
852 468 1039 535 Annales
1064 465 1307 533 ab'excessu

140 586 217 652 divi
243 584 435 671 Augusti.
469 583 551 647 Post
575 582 737 647 Historiae
760 580 900 667 scriptos
923 602 996 644 esse
1017 573 1165 644 Annales
1186 578 1303 643 intelli-

140 698 226 783 gitur
256 719 297 760 cx
318 694 401 759 libro
424 696 512 761 Ann.
534 693 606 770 XI,
631 694 687 770 ll,
715 694 761 770 1.,
792 692 847 757 nbi
870 701 983 775 auctor
1003 691 1076 776 ipse
1097 691 1139 754 ad
1160 688 1232 754 illas
1253 712 1302 754 re-

141 808 258 896 spicit3
288 805 366 870 editi
389 814 494 869 autem
518 815 592 867 sunt
613 826 678 867 non
705 814 779 868 ante
802 826 921 867 annum
945 801 1015 867 116.
1038 824 1070 888 p.
1094 799 1178 866 Ohrr
1194 824 1242 876 n.,
1270 808 1306 864 ut

142 940 241 1006 supra
272 914 573 981 demonstravimus.
617 916 669 978 Ex
697 913 839 979 sedecim
867 912 958 977 libris
980 912 1146 999 perierunt
1166 910 1308 975 maxima

142 1051 216 1117 pars
239 1026 363 1112 quinti,
395 1025 502 1111 aliqua
528 1024 626 1100 sexti,
652 1024 826 1111 septimus,
850 1033 996 1101 octavus,
1018 1044 1142 1101 nonus,
1164 1020 1306 1085 decimus

141 1139 210 1217 toti,
234 1136 396 1202 undecimi
420 1136 556 1212 initium,
581 1136 782 1199 sextidecimi
804 1135 886 1200 finis.
1122 1131 1123 1136 ’

225 1246 402 1313 Annalium
432 1257 464 1311 et
485 1245 702 1311 Historiarum
724 1244 882 1310 vocabula
904 1262 1100 1329 quamquam
1122 1242 1209 1307 haud
1231 1264 1304 1306 raro

141 1360 182 1424 de
215 1358 330 1444 quovis
367 1356 519 1421 historiae
555 1378 674 1443 genere
704 1356 888 1443 promiscue
910 1353 1168 1441 usurpabant-ur,
1199 1363 1308 1431 tamen

142 1468 278 1533 Tacitus
319 1468 481 1555 posterius
519 1490 603 1554 opus
640 1490 732 1532 suum
763 1489 802 1531 eo
833 1466 971 1529 maxime
997 1464 1143 1528 Annales
1171 1485 1308 1530 vocasse

141 1580 285 1655 videtur,
315 1579 404 1663 quod
434 1576 564 1663 longius
590 1589 622 1641 et
651 1600 670 1641 a
701 1601 760 1641 sua
791 1577 946 1641 memoria
975 1576 1130 1639 remotius
1151 1576 1307 1661 temporis

142 1690 283 1777 spatium
307 1688 507 1775 complexus,
533 1688 768 1774 quinquaginta
790 1686 874 1751 enim
900 1697 933 1751 et
956 1696 1108 1770 quattuor
1129 1688 1204 1750 anui
1221 1696 1307 1765 sunt,

141 1801 174 1865 in
200 1798 297 1864 rebus
326 1799 493 1863 narrandis
521 1820 678 1865 annorum
709 1798 856 1862 ordinem
883 1797 978 1882 quasi
1007 1797 1121 1861 ducem
1151 1796 1305 1881 sequitur,

141 1920 191 1988 ut,
222 1910 313 1994 quod
340 1930 471 1994 quoque
494 1912 579 1973 ann'o
601 1909 651 1973 vel
674 1909 790 1973 virtute
810 1907 862 1972 vel
883 1908 1040 1992 pravitate
1061 1907 1190 1993 insigne
1211 1919 1306 1985 esset,

146 2042 203 2085 suo
239 2020 387 2105 quidque
419 2021 493 2085 loco
519 2018 660 2085 referret.
713 2020 752 2082 ln
779 2042 845 2103 quo
875 2030 911 2082 ut
938 2018 1082 2105 priorum
1113 2018 1305 2104 scriptorum

143 2130 411 2197 consuetudinem
435 2140 565 2194 secutus
589 2140 647 2207 est,
670 2129 715 2193 ita
737 2128 870 2215 ingenio
893 2140 991 2213 atque
1013 2140 1081 2193 arte
1103 2125 1242 2205 evitavit,
1265 2151 1306 2193 ne

143 2240 308 2305 ieiunitate
332 2252 363 2303 et
388 2238 486 2303 rebus
509 2240 578 2305 sine
601 2240 728 2305 delectu
745 2240 918 2310 afferendis
934 2238 1061 2304 illorum
1078 2238 1191 2304 similis
1204 2241 1306 2318 fieret,

141 2373 206 2416 non
234 2350 337 2415 solum
370 2372 493 2414 summa
524 2350 588 2415 fide
616 2351 818 2435 subactoque
843 2350 965 2415 iudicio
994 2350 1124 2413 tradens
1153 2350 1308 2435 quicquid

142 2471 319 2527 memoratu
349 2460 484 2546 dignum
510 2460 629 2525 iactum
660 2476 725 2538 est,
755 2461 931 2525 sedetiam
955 2460 1110 2545 singulari
1134 2462 1309 2547 sagacitate

142 2571 330 2657 ingeniique
353 2570 484 2635 humaui
511 2571 627 2657 peritia
655 2593 787 2635 caussas
813 2593 919 2635 rerum
942 2571 1110 2657 explicans
1132 2582 1164 2635 et
1186 2572 1307 2637 diiudi-

143 2704 229 2759 cans,
249 2694 294 2757 ut,
316 2678 434 2765 quibus
451 2681 595 2766 quidque
610 2682 709 2746 initiis
727 2693 831 2745 ortum
848 2681 898 2757 sit,
922 2704 987 2765 quo
1004 2681 1186 2758 tetenderit,
1210 2704 1307 2766 quam

143 2804 263 2857 rectum
287 2802 340 2855 aut
364 2812 551 2877 perversum
573 2792 679 2868 fuerit,
702 2790 877 2855 lectoribus
900 2790 1033 2878 aperiat.
1072 2793 1190 2857 Vetere
1205 2791 1303 2878 igitur

142 2902 272 2968 nominc
304 2911 428 2966 retento
459 2924 578 2966 novum
608 2902 849 2988 quodammodo
882 2912 914 2967 et
935 2901 1109 2988 perfectius
1130 2902 1307 2969 Annalium

142 3036 244 3099 genus
270 3012 395 3089 intulit,
426 3034 539 3099 parum
571 3013 730 3077 diversum
754 3012 835 3077 illud
857 3013 898 3078 ab
922 3012 1160 3091 Historiarum,
1194 3016 1307 3099 quales

142 3123 314 3190 Sallustius
337 3124 459 3209 primus
482 3123 633 3209 perfecit,
659 3122 805 3188 ubertate
828 3133 859 3187 et
881 3123 1009 3209 singula
1031 3126 1211 3189 accuratius
1233 3150 1308 3213 pcr-

143 3241 297 3319 sequentc
320 3232 498 3319 diligentia.
546 3233 751 3318 Quamquam
780 3244 888 3299 autem
912 3236 946 3297 in
968 3244 1107 3318 utroque
1128 3254 1228 3318 opere
1250 3255 1309 3317 par

143 3354 190 3410 est
215 3343 378 3408 scribendi
401 3344 582 3420 consilium,
608 3366 667 3429 par
689 3346 831 3409 auctoris
853 3346 887 3409 in
910 3345 1007 3409 rebus
1027 3344 1204 3409 tractandis
1220 3343 1307 3428 peri-

142 3455 185 3517 tia
206 3462 238 3518 et
260 3475 322 3529 are,
346 3476 405 3539 par
427 3454 558 3519 dicendi
580 3476 693 3540 genus,
718 3456 782 3520 hoc
795 3456 1049 3520 tameniuterest
1064 3456 1147 3519 inter
1162 3453 1307 3517 Annales

143 3573 173 3628 et
193 3565 369 3641 Historias,
393 3564 480 3648 quod
500 3565 547 3628 illi
569 3568 716 3630 tenuiore
739 3588 836 3630 cursu
860 3574 893 3629 et
914 3567 1007 3650 quasi
1029 3567 1065 3629 in
1087 3565 1307 3650 angustiorem

143 3676 268 3740 alvcmn
291 3675 469 3760 compressi
492 3676 611 3751 fluunt,
644 3676 704 3741 hae
727 3677 824 3740 latius
855 3686 887 3740 et
906 3676 1053 3763 pleniore
1076 3677 1165 3740 unda
1187 3674 1307 3737 diffun-

142 3784 276 3862 duntur,
300 3786 424 3871 quippe
448 3786 565 3869 quibus
589 3809 648 3872 per
667 3779 797 3872 ¹singula
819 3809 857 3850 ac
877 3788 1018 3852 maxima
1040 3810 1113 3851 cum
1138 3777 1308 3869 diligentia

142 3894 342 3960 describatur
374 3904 474 3959 status
498 3918 603 3959 rerum
626 3898 862 3974 Romanarum,
895 3906 931 3961 ut
952 3899 1091 3983 primum
1113 3897 1197 3961 bello
1220 3896 1308 3960 civili

140 4007 278 4089 graviter
304 4028 498 4083 concussus,
535 4006 653 4071 deinde
683 4009 884 4093 aliquantum
912 4010 1135 4084 confirmatus,
1166 4009 1307 4092 denique

140 4118 255 4181 misere
287 4126 421 4181 vexatus
451 4140 489 4182 ac
520 4118 712 4204 depravatus
734 4120 838 4184 fuerit.
883 4119 981 4200 Quae
1003 4128 1152 4183 accurata
1175 4129 1207 4183 et
1230 4142 1306 4205 pro-

139 4226 203 4293 lixa
223 4249 331 4292 rerum
354 4228 534 4314 expositio,
563 4230 735 4293 coniuncta
761 4230 817 4293 illa
844 4252 916 4295 cum
938 4240 1097 4317 perpetuo
1121 4250 1306 4295 caussarum

140 4339 282 4403 omnium
311 4340 579 4423 exquirendarum
603 4340 710 4405 studio
734 4364 834 4427 quum
855 4341 905 4406 vel
925 4343 1064 4431 maxime
1086 4341 1306 4408 Historiarum

907 4423 1263 4559 „aegpffls

859 4541 1239 4640 autumaretur·

936 4659 1223 4780 catriirantlzs
