3067 4867
521 1576 979 1655 BREVIARIUM.

605 1936 691 2017 Pars
718 1940 903 2039 generalis.

459 2091 511 2156 De
534 2094 594 2157 sito
617 2104 645 2157 et
664 2096 810 2161 moribus.
839 2091 880 2181 [c.
906 2091 1043 2201 13-27]

493 2278 515 2336 1.
552 2277 636 2336 Terra
653 2278 717 2352 ipsa
736 2293 798 2338 cum
816 2280 1005 2339 suia-tncatts.

235 2420 259 2471 1.
295 2414 462 2470 Germaniae
482 2416 559 2470 fines.
596 2415 721 2482 Rhenus,
738 2416 895 2483 Danubius,
916 2426 1031 2489 montes,
1052 2420 1190 2473 Oceanus.

233 2516 258 2566 2.
295 2510 429 2565 Germani
454 2509 507 2582 ipsi
531 2508 680 2581 indigenae
703 2511 834 2581 putandi,
860 2521 920 2567 tum
942 2513 978 2567 ob
998 2521 1091 2568 terrae
1111 2520 1251 2575 naturam,
1278 2519 1336 2563 tum

165 2604 286 2677 antiquis
305 2603 472 2659 carminibus
500 2605 536 2660 de
560 2604 613 2660 diis
635 2604 734 2679 patriis
756 2626 817 2662 eam
838 2626 897 2663 rem
920 2606 1176 2679 comprobantibus.
1199 2636 1232 2645 -
1265 2586 1335 2660 (ἰοί-

165 2699 274 2755 maniae
295 2717 395 2755 nomen
415 2700 489 2755 unde
509 2706 599 2755 ortum
617 2699 660 2757 sit.

237 2800 261 2851 ³.
296 2792 469 2849 Carminibus
487 2794 570 2850 etiam
587 2796 723 2851 Hercules
740 2796 906 2852 celebratur.
919 2826 952 2837 -
972 2795 1128 2850 Bellicosus
1148 2802 1244 2850 cautus
1263 2795 1334 2848 Bar-

166 2890 248 2945 ditns.
266 2920 301 2932 -
320 2889 494 2945 Graecorum
513 2890 626 2945 fabulae
646 2890 766 2961 exiguae
787 2890 861 2946 fidei.

234 2991 259 3041 4.
295 2984 427 3040 Germani
452 3003 521 3055 gens
541 2985 657 3058 propria
676 2993 704 3042 et
727 2986 845 3042 sincera.
883 2986 985 3040 Eorum
1005 2984 1115 3039 habitus
1135 3002 1283 3055 corporum
1302 3000 1335 3039 ac

165 3087 271 3135 natura.

235 3181 260 3231 5.
294 3172 399 3229 Terrae
424 3173 564 3245 ingenium
589 3183 618 3228 et
643 3182 807 3247 proventus.
826 3205 859 3215 —
887 3172 1067 3229 Metellorum
1089 3171 1207 3245 penuria
1235 3179 1262 3225 et
1289 3173 1337 3226 de·

167 3275 285 3340 spectus.
306 3300 337 3309 -
356 3269 497 3325 Pecuniae
512 3287 644 3325 romanae
662 3268 758 3340 aliqua
776 3268 882 3325 notitia.

391 3473 424 3531 11.
460 3474 549 3533 ttorss
569 3473 761 3533 &muneram
782 3472 969 3547 institutaque
989 3472 1108 3545 publiea.

234 3616 259 3666 e.
295 3610 411 3665 Ferrum
428 3627 529 3665 rarum.
541 3640 575 3651 —
592 3610 688 3680 Arma,
707 3610 735 3665 in
754 3609 844 3681 iisque
863 3610 1023 3665 framea·
1045 3607 1190 3679 Equitatus
1207 3606 1288 3662 ratio.
1301 3634 1336 3647 -

165 3704 283 3760 Gentem
308 3704 461 3761 dimaebae.
481 3736 515 3745 —
541 3705 626 3761 Acies
646 3724 696 3777 per
716 3722 819 3761 cuneos
841 3703 1003 3777 composita.
1020 3732 1055 3744 -
1081 3700 1231 3773 Pugnandi
1252 3719 1335 3769 usus3

166 3798 294 3869 ignaviae
314 3798 473 3871 ignominia.

234 3900 258 3949 7.
295 3894 419 3949 Potestas
434 3912 541 3965 regum,
553 3895 662 3960 ducam,
675 3895 861 3949 sacerdotum.
873 3922 908 3933 -
929 3890 1156 3962 Propinquitates
1172 3889 1336 3946 coniunctae

166 3997 306 4059 pugnant,
326 3987 434 4043 feminis
452 4006 541 4061 prope
561 3988 713 4044 astantibus
733 3996 761 4043 et
780 3987 891 4043 saucios
907 3985 1075 4041 iuvantibus.

166 4112 171 4119 ·
236 4086 261 4138 8.
294 4082 474 4138 Feminarum
500 4083 655 4155 intrepidas
681 4083 710 4138 in
734 4081 837 4155 pugnis
864 4082 979 4137 animus.
1023 4082 1127 4136 Earum
1154 4078 1285 4135 sanctitas
1309 4087 1338 4136 et

166 4174 338 4232 vaticinatio.

236 4276 260 4327 9.
295 4270 408 4342 Religio
426 4281 455 4328 et
474 4290 560 4328 sacra.
595 4272 698 4327 Nullae
716 4275 831 4327 deorum
850 4269 994 4342 imagines,
1013 4269 1090 4324 nulla
1107 4268 1219 4340 templa.

221 4370 261 4422 10.
297 4365 420 4422 Sortium
437 4368 610 4423 consuetudo
630 4374 660 4421 et
678 4367 786 4421 modus.
806 4396 841 4406 -
858 4364 993 4437 Auspicia
1010 4382 1046 4420 ex
1063 4362 1154 4419 avium
1173 4363 1282 4431 volatu,
1300 4381 1337 4419 ex

167 4478 306 4534 equorum
321 4459 445 4527 hinnitu,
466 4479 502 4517 ex
520 4478 617 4534 pugna
633 4459 778 4533 singulari.
