3067 4867
172 296 210 361 Χ·
620 298 855 363 PRAEFATIO.

172 489 262 566 uerit,
284 489 318 556 iu
338 489 454 555 ceteris
476 499 583 562 autem
605 490 671 558 lere
693 489 739 561 ita
758 512 833 556 cum
855 492 931 558 Vat.
954 497 987 557 Γ.
1011 490 1194 577 eouspiret,
1216 502 1253 557 ut
1271 490 1344 581 ple·

171 620 272 685 raquo
300 608 435 685 paccata
461 621 520 665 sua
546 610 664 686 sponte
689 622 725 665 se
754 600 912 685 prodant,
948 600 1038 665 haud
1069 603 1341 673 contemnendam

171 708 342 805 utilitatem
367 708 449 775 hanc
472 709 575 786 affert,
598 709 688 794 quod
710 710 780 775 eius
803 733 868 796 ope
891 710 1048 777 iudicium
1068 712 1110 777 de
1132 712 1264 782 alterius
1285 734 1341 780 co·

172 818 254 883 dicis
276 818 469 884 lectionibus
491 820 615 905 regitur
634 831 667 884 et
690 822 906 887 confirmatur.

255 929 429 1001 Praeterea
450 931 589 997 Wexius
613 932 750 998 duorum
772 932 941 1009 codicum,
963 931 1020 1016 qui
1042 931 1107 1018 ipsi
1129 933 1261 1017 quidem
1283 931 1341 997 de-

171 1038 291 1125 perditi
319 1040 401 1118 sint,
426 1040 531 1107 varias
556 1040 713 1108 lectiones
735 1041 844 1106 adhuc
866 1052 993 1113 exstare
1014 1042 1109 1120 dicit,
1140 1042 1226 1109 etin
1247 1064 1341 1111 usum

172 1150 318 1218 criticum
340 1150 559 1220 advocandas.
579 1193 581 1199 -
603 1150 700 1233 Quae
723 1152 855 1239 opinio,
886 1153 1039 1236 quoniam
1060 1152 1128 1219 viro
1152 1153 1341 1220 doctissimo

170 1258 224 1333 blo
244 1258 311 1325 illie
331 1258 438 1328 lraudi
458 1260 528 1338 luit,
552 1262 665 1347 paucis
687 1260 741 1327 hic
761 1261 858 1327 nobis
879 1262 1105 1347 redarguenda
1125 1273 1184 1327 est.
1229 1262 1341 1343 Quum

143 1342 148 1467 l
171 1369 257 1438 anim
278 1370 355 1435 Vat.
377 1376 415 1436 Γ,
444 1370 478 1435 in
500 1371 647 1457 margine
676 1370 802 1456 aliquot
828 1372 909 1438 locis
938 1372 1163 1458 discrepantes
1183 1372 1340 1439 lectiones

143 1468 148 1595 Ι
170 1479 245 1565 ipsa
262 1479 440 1566 Pomponii
462 1482 558 1549 Laeti
578 1504 678 1550 mauu
698 1483 860 1570 ascriptas
882 1481 1016 1559 habeat,
1044 1482 1164 1567 quibus
1190 1493 1269 1548 nors
1290 1482 1341 1551 Ad

170 1589 282 1662 addita
302 1599 361 1668 est,
384 1591 524 1659 Wexius
553 1591 616 1658 sibi
639 1594 802 1678 persuasit
821 1592 882 1660 has
902 1592 1058 1659 lectiones
1080 1615 1122 1657 ex
1143 1593 1205 1660 alb
1226 1592 1341 1660 codice

170 1710 435 1779 tesserarum,
468 1724 605 1788 eamque
635 1701 678 1773 ob
699 1720 858 1779 caussam
885 1703 972 1776 iusta
996 1703 1122 1769 codicis
1150 1702 1341 1770 auctoritate

170 1827 243 1880 esse
270 1808 398 1883 debere.
442 1812 511 1880 Sed
539 1821 607 1879 tum
633 1813 781 1900 paucitas
810 1812 924 1880 harum
943 1812 1235 1899 discrepantiarum
1255 1819 1341 1891 tuam

170 1929 275 1989 totum
299 1921 446 1988 codicem·
472 1934 622 1989 accurate
651 1922 804 1989 cassetum
829 1945 899 1996 ,non
929 1923 1038 2009 plures
1059 1920 1179 1987 habere
1198 1921 1340 1988 incredi-

169 2028 260 2112 bile),
279 2040 347 2100 tum
367 2031 443 2117 ipsa
464 2054 574 2100 aarum
595 2032 747 2103 condicio
770 2034 913 2100 ostendit
933 2032 1039 2100 nullas
1061 2031 1186 2099 codicis
1200 2032 1341 2119 scriptu-

168 2164 220 2214 rus
249 2140 302 2210 his
330 2140 460 2219 haberi,
489 2143 548 2218 sed
576 2133 641 2209 alio
669 2144 771 2217 modo
799 2153 885 2216 ortas
908 2165 981 2239 asse
1001 2142 1061 2209 has
1085 2142 1341 2229 notas-margini

167 2250 327 2337 repictus.
375 2253 581 2340 Pomponius
602 2254 725 2323 Laetus
755 2255 859 2331 euim,
888 2253 945 2338 qui
967 2275 1125 2322 summam
1147 2251 1340 2322 industriam

168 2360 356 2454 adhiberet,
381 2373 418 2430 ut
446 2364 632 2451 exemplum
654 2364 829 2451 Agricolae
854 2361 998 2449 abipso
1021 2363 1219 2450 descriptum
1242 2384 1339 2448 quam

167 2472 465 2542 emendatissimum
485 2486 589 2553 esset,
616 2497 683 2542 nou
712 2475 834 2551 solum,
864 2476 893 2539 si
916 2474 1089 2560 qnidipac
1110 2472 1338 2542 inscribendo

168 2593 351 2668 peccasset,
380 2584 604 2651 animaduerso
635 2607 742 2651 errore
772 2584 879 2652 statim
900 2583 1017 2652 falsum
1038 2583 1231 2652 vocabulum
1253 2605 1338 2669 pun·

168 2692 228 2769 etis
250 2696 380 2768 notavit
400 2716 578 2780 verumque
601 2695 670 2763 eius
692 2694 766 2766 loco
788 2694 915 2781 posuit,
944 2694 1121 2762 sedetiam
1143 2704 1221 2779 post
1240 2692 1338 2760 absa

166 2802 271 2876 latum
292 2803 499 2872 describendi
520 2805 704 2892 negotium,
731 2806 869 2879 fortusse
893 2804 1002 2889 aliquo
1024 2816 1172 2890 tempore
1193 2815 1338 2889 praeter-

165 2912 277 2999 lapso,
312 2914 477 2992 codicem,
510 2916 597 2983 unde
624 2938 720 2981 suum
749 2915 934 3002 exemplum
958 2914 1200 3000 descripserat„
1225 2912 1340 2982 scuter-

166 3023 290 3099 intenta
311 3023 480 3094 oculorum
500 3036 597 3111 atque
617 3026 735 3094 mentis
757 3027 829 3090 acie
851 3024 1048 3099 retractavit,
1071 3023 1229 3109 quicquid
1243 3034 1338 3092 antea

166 3133 216 3202 vel
235 3134 437 3221 neglexisset
457 3136 508 3209 vel
529 3157 596 3201 non
618 3136 695 3204 sads
717 3146 805 3202 recte
825 3134 1037 3204 intellexisset
1057 3135 1093 3199 in
1112 3134 1258 3219 margine
1278 3154 1337 3200 arr·

166 3255 293 3314 notans.
336 3244 415 3311 Fuit
436 3246 522 3312 enim
543 3246 597 3313 ille
621 3246 736 3324 codex,
758 3246 847 3312 unda
867 3246 962 3314 fluxit
979 3246 1054 3313 Vat.
1072 3250 1109 3322 Γ,
1131 3254 1168 3309 ut
1191 3266 1233 3309 ax
1253 3237 1338 3312 inul-

166 3356 209 3422 tis
228 3355 310 3426 locis
327 3355 530 3443 intelligitur,
553 3357 678 3444 etipse
699 3356 832 3424 minime
854 3356 1018 3440 antiquus,
1037 3354 1219 3439 litterisque
1233 3353 1338 3430 malis,
1439 3440 1442 3446 .

164 3465 308 3544 incertis,
330 3488 398 3534 non
418 3466 496 3539 satis
520 3466 690 3555 distinctis,
714 3489 754 3531 ac
768 3466 878 3534 multis
895 3465 1099 3556 compendiis
1116 3475 1277 3541 exaratus,
1302 3474 1339 3530 ut

165 3576 255 3642 haud
273 3598 349 3651 ‚raro
372 3576 469 3643 valde
488 3576 628 3645 difficilis
654 3577 740 3644 lectu
762 3589 859 3654 esset,
878 3598 917 3641 aa
940 3574 1200 3645 dubitationibus
1222 3574 1338 3641 errori·

164 3684 301 3771 busque·
323 3687 432 3755 locum
459 3687 558 3755 daret.
611 3686 741 3769 Quibus
768 3698 876 3753 rectae
903 3685 1139 3771 intelligentias
1160 3684 1337 3754 obstaculis

164 3806 217 3875 ut,
252 3806 408 3881 quantum
424 3808 566 3884 posset,
600 3807 801 3874 occurreret,
837 3797 961 3864 Laetus
989 3805 1106 3883 postea
1133 3796 1169 3861 in
1190 3794 1338 3879 margine

163 3908 333 3974 annotavit
356 3908 408 3973 vel
438 3930 498 3985 ea,
519 3928 636 3993 ⁴quae,
669 3931 769 3993 quum
796 3907 901 3993 primo
931 3906 1014 3976 falso
1035 3906 1189 3992 legisset,
1221 3913 1336 3993 postea

163 4016 284 4090 rectius
313 4019 412 4096 emit,
447 4018 496 4083 vel
524 4038 579 4096 ea,
612 4040 697 4103 quae
718 4018 761 4088 ob
784 4018 938 4089 incertam
957 4016 1132 4086 lectionem
1153 4016 1251 4085 stiam
1271 4015 1336 4083 alio

163 4128 262 4197 modo
285 4127 352 4215 legi
374 4148 473 4214 posse
493 4129 662 4204 iudicavit,
684 4128 736 4196 vel
759 4128 967 4198 obscuratam
988 4127 1039 4196 sui
1054 4126 1177 4195 codicis
1194 4125 1336 4213 scriptu·

162 4260 233 4308 ram
253 4238 441 4308 coniectura
462 4240 636 4307 emendare
661 4239 802 4315 studuit,
832 4238 883 4333 vel
903 4237 1141 4324 discrepantias
1167 4236 1336 4321 quasdam,

165 4372 245 4435 quas
266 4349 332 4415 iam
354 4348 387 4415 in
410 4368 469 4416 suo
495 4350 608 4417 codice
622 4359 750 4418 notatas
773 4348 911 4425 invenit,
933 4347 969 4416 in
988 4343 1216 4440 apographum
1231 4359 1335 4416 trans·
