3067 4867
211 386 234 452 4
282 439 287 446 ,
562 379 870 441 raoaecouaun.
907 381 987 438 cnr.
1006 383 1028 441 1.

213 579 252 622 ac
275 555 446 643 diligenter
472 554 704 634 examinasset,
738 577 823 641 quae
849 555 964 633 tradit,
993 555 1040 622 sic
1069 556 1197 622 tradere
1222 577 1288 622 non
1318 579 1381 644 po·

211 669 337 734 tuisset.
379 668 434 730 An
458 663 613 732 credibile
634 676 698 742 est,
721 666 802 732 haec
823 665 937 750 verba:
960 667 1142 747 „Quaedam
1164 669 1231 732 locu
1252 669 1381 756 ditiqu-

212 781 272 844 tiue
299 779 420 842 illinunt
446 797 532 842 terra
553 780 598 842 ita
613 801 700 863 pura
721 802 758 841 ac
784 779 971 864 splendente,
996 789 1030 841 ut
1048 780 1205 862 picturam
1226 803 1263 843 uc
1284 781 1381 844 linea-

213 901 314 954 menta
335 889 468 954 colorum
491 891 656 967 imitetur,“
678 885 720 953 ab
742 909 782 953 eo
806 887 902 953 scribi
926 889 1086 974 potuisse,
1117 887 1173 972 qui
1199 887 1383 956 interiorem

213 999 384 1065 domorum
416 997 641 1064 condicionem
673 1021 740 1063 non
774 997 849 1084 ipso
883 1008 1018 1086 aspectu
1051 989 1263 1084 cognoverit?
1306 999 1382 1065 Non

212 1110 393 1196 putaverim
421 1131 617 1196 quemquam
644 1110 691 1173 ita
719 1108 951 1195 praeiudicatis
983 1108 1193 1196 opinionibus
1221 1110 1382 1198 impediri,

213 1231 257 1297 ut,
278 1221 366 1305 quod
386 1241 439 1284 res
460 1219 534 1305 ipsa
556 1219 702 1284 confiteri
722 1231 829 1306 cogat,
850 1241 969 1305 negare
990 1220 1156 1287 sustineat.
1197 1220 1273 1285 Non
1292 1220 1384 1286 aliter

212 1339 402 1417 comparata
422 1339 514 1408 sunt,
538 1352 621 1416 quae
645 1324 712 1395 tolo
736 1353 762 1395 c.
786 1330 814 1395 6.
836 1330 877 1395 de
898 1353 933 1395 re
954 1330 1100 1410 militari,
1126 1330 1284 1417 imprimis
1305 1337 1381 1396 vero

213 1446 235 1526 ς.
256 1441 285 1506 4.
316 1441 356 1506 de
384 1439 550 1526 equitandi
578 1441 704 1506 ratione
731 1440 918 1506 traduntur:
951 1443 1061 1529 ‚Equi
1084 1465 1145 1505 uon
1167 1444 1292 1526 foratu,
1321 1447 1383 1508 uon

212 1554 366 1616 uelocitate
398 1553 556 1636 conspicui
562 1577 572 1628 ς
609 1555 662 1617 aed
692 1575 746 1618 nec
773 1554 897 1618 uariare
924 1575 1016 1638 pyron
1045 1555 1077 1618 iu
1103 1575 1219 1616 morem
1245 1564 1384 1617 noctuam

213 1665 375 1738 docentum
402 1665 436 1726 in
455 1674 584 1741 rectum,
613 1675 668 1728 aut
688 1686 749 1728 uno
761 1665 851 1750 fluctu
872 1665 995 1727 deutrus
1020 1675 1131 1747 apurtt,
1159 1665 1203 1727 a'tu
1226 1663 1384 1726 coniuncto

213 1776 293 1852 orbe,
313 1785 348 1837 ut
368 1795 455 1838 nemo
470 1775 628 1857 posterior
649 1775 718 1837 ait.“
760 1773 849 1836 Num
868 1772 904 1837 id
925 1771 1033 1858 potuit
1050 1772 1175 1838 Romae
1197 1771 1383 1838 observari?

214 1881 353 1960 Credat,
377 1882 433 1966 qui
453 1881 542 1946 velit.

298 1991 582 2075 Quemadmodum
608 2000 716 2055 autem
739 2013 795 2070 ea,
819 2013 903 2077 quae
924 1989 1307 2077 adhuc'disputavimus‚
1331 2012 1382 2054 ar·

213 2113 368 2190 gumento
398 2112 472 2167 sunt
504 2101 538 2165 in
568 2101 745 2167 Germania
772 2101 873 2168 luisse
901 2101 1070 2180 Tacitum,
1110 2100 1186 2187 quia
1215 2099 1385 2189 probabile

214 2231 263 2280 est
291 2216 402 2279 uidisse
430 2234 503 2277 eum
534 2221 659 2298 partem
688 2234 817 2290 eorum,
846 2235 930 2299 quae
958 2223 1080 2299 narrat,
1111 2211 1156 2276 ita
1182 2211 1271 2277 idem
1297 2211 1387 2276 haud

214 2347 327 2412 purum
350 2345 389 2388 eo
413 2323 628 2401 confirmatur,
654 2323 743 2408 quod
764 2324 937 2409 aliquoties
960 2323 1130 2409 profitetur
1159 2347 1196 2388 eu
1222 2324 1328 2388 incolis
1353 2345 1385 2386 ae

214 2438 377 2513 audiuisse,
399 2455 482 2518 quae
501 2432 606 2498 refert
649 2434 735 2499 Prae
757 2434 871 2500 ceteris
894 2434 958 2499 huc
979 2435 1142 2522 pertinent
1163 2433 1186 2498 ii
1207 2432 1287 2511 loci,
1310 2432 1383 2519 qui·

213 2546 276 2612 bus
301 2543 501 2631 quaesivisse
532 2566 568 2608 se
596 2543 637 2609 de
664 2543 762 2609 rebus
795 2554 946 2622 testatur,
979 2544 1067 2610 velut
1096 2566 1122 2610 c.
1145 2544 1180 2620 9,
1202 2545 1231 2608 2.
1273 2544 1385 2624 „Unde

214 2682 325 2724 caussa
355 2669 383 2720 et
415 2658 501 2741 oripo
524 2657 691 2741 pereprino
721 2679 826 2736 sacro,
853 2681 999 2742 parum
1027 2657 1234 2741 comperi.“
1276 2654 1329 2732 27,
1352 2654 1382 2721 3.

214 2769 322 2847 „Haec
349 2769 382 2830 in
404 2789 559 2831 commune
580 2768 617 2831 de
638 2768 773 2831 munium
797 2765 1023 2832 Germanorum
1046 2769 1163 2851 enipius
1189 2791 1226 2830 ue
1247 2767 1384 2832 moribus

214 2880 464 2962 acecpimuc.“
506 2875 560 2952 35,
581 2876 607 2940 1.
639 2877 818 2955 „Hactenus
839 2879 872 2941 iu
894 2879 1072 2942 occidentem
1090 2875 1290 2942 Gemmatum
1311 2897 1383 2940 uo-

213 2991 371 3065 uimua,“
393 2985 411 3050 i.
427 3007 454 3050 e.
476 2985 672 3052 Germaniae
693 2988 833 3050 notitiam
855 2989 942 3050 nobis
958 2990 1151 3074 paravimus.
1194 2985 1287 3068 Quas
1307 3006 1383 3071 per-

214 3096 419 3163 contationes
441 3096 482 3160 de
506 3094 604 3160 rebus
627 3094 863 3161 Germanorum
891 3096 918 3160 si
945 3097 1018 3182 quis
1040 3097 1163 3162 Romae
1190 3096 1298 3161 factas·
1313 3117 1385 3161 esse

214 3217 320 3295 putet,
341 3207 464 3286 videat,
483 3228 525 3271 ne
546 3227 613 3269 rem
632 3204 856 3270 incredibilem
875 3205 1097 3293 amplectatur.
1140 3207 1226 3272 Nam
1247 3215 1284 3270 ut
1304 3204 1385 3270 nihil

214 3319 248 3383 in
274 3317 382 3384 verbis
412 3327 477 3396 est,
511 3315 601 3402 quod
631 3316 729 3381 talem
758 3317 950 3382 sententiam
981 3318 1128 3396 adiuvet,
1164 3318 1210 3383 ita
1238 3315 1302 3383 hoo
1330 3315 1384 3382 vel

213 3428 354 3495 maxime
380 3426 506 3505 obstat,
537 3426 626 3512 quod
647 3427 773 3492 Romae
803 3427 879 3492 talia
907 3429 1085 3512 quaerendi
1112 3429 1169 3492 vix
1194 3428 1261 3493 ullu
1277 3427 1384 3514 'copia

161 3589 165 3596 -
215 3552 298 3620 erat,
321 3555 405 3625 quae
426 3538 460 3603 in
483 3536 659 3604 Germania
679 3538 821 3602 vementi
841 3537 964 3623 ubique
986 3536 1190 3605 offerebatur.
1233 3539 1284 3604 Ea
1312 3559 1383 3604 sae·

214 3652 349 3740 pissime
370 3672 463 3733 usum
489 3647 590 3713 luisse
612 3647 763 3713 Tacitum
784 3648 882 3713 fidem
904 3649 1027 3714 iaciunt
1048 3650 1179 3736 plurimi
1199 3649 1281 3727 loci,
1312 3649 1385 3734 qui·

214 3764 277 3830 bus
313 3762 355 3828 ad
389 3761 536 3846 ipsorum
572 3758 810 3825 Germanorum
845 3759 1066 3825 auctoritatem
1106 3760 1259 3847 respicit3
1300 3781 1386 3846 quae

216 3871 316 3960 quum
337 3870 427 3937 libris
448 3893 516 3937 non
538 3869 770 3947 contineretur,
800 3871 888 3935 unde
910 3880 1050 3958 peteret,
1080 3870 1168 3936 aliud
1193 3894 1260 3937 non
1285 3871 1385 3936 relin-

214 3986 342 4071 quitur,
374 4005 472 4068 quam
503 3991 539 4046 ut
569 3980 658 4067 apud
690 3982 784 4068 ipsos
813 3991 917 4046 terrac
946 3981 1071 4046 incolas
1102 3981 1178 4046 talia
1206 3982 1384 4069 colligeret.

215 4093 255 4159 ci.
278 4115 303 4158 c.
324 4093 358 4171 2,
380 4094 410 4160 3.
455 4091 697 4171 „Celebrant
719 4094 907 4157 carminibus
928 4094 1062 4176 antiquis
1084 4129 1126 4142 -
1152 4095 1323 4160 Tuistonem
1341 4131 1385 4142 -

215 4218 244 4269 ct
252 4205 359 4290 filiurn
373 4205 534 4269 Mannum.
568 4205 688 4269 Manno
709 4205 766 4268 tria
784 4203 868 4287 filios
887 4205 1091 4290 aaaipnunt.
1133 4204 1266 4286 Quidum
1279 4203 1384 4290 pluris

214 4317 271 4379 duo
292 4324 376 4379 ortos
396 4349 437 4360 —
461 4315 710 4398 affirmant.“
753 4311 792 4379 C.
815 4313 875 4392 31,
895 4313 924 4380 2.
959 4315 1022 4394 „Sa
1045 4327 1109 4380 tum
1136 4319 1256 4380 demum
1276 4318 1385 4401 pretia

215 4425 362 4489 nuccudi
394 4423 548 4501 rettulisse,
585 4425 753 4509 dipuoaquc
782 4427 893 4511 putria
926 4449 964 4492 aa
991 4429 1172 4512 parentibus
1200 4429 1383 4514 ferunt.“
