3067 4867
174 271 235 346 124
589 269 775 334 caunum
793 267 924 334 rectit

172 467 347 551 virtusque.
404 465 587 554 Postquam
629 467 718 533 silvis
760 467 1124 556 appropinquaverunt,
1167 463 1371 534 identidomt

172 577 295 665 primos
337 578 556 664 sequentium,
600 577 746 644 incautos
790 577 917 643 collecti
961 589 993 642 et
1028 576 1174 642 locorum
1213 577 1344 663 ignaros

170 687 283 774 gnari,
316 686 617 754 circumveniebant.
661 687 761 770 Quod
793 687 827 752 ni
858 687 1011 772 frequens
1038 685 1160 772 ubique
1188 687 1369 773 Agricolas

173 797 296 864 validas
325 807 357 862 et
387 799 559 886 expeditas
584 797 734 864 cohortes
755 796 922 885 indaginis
943 799 1057 878 modo,
1088 808 1136 876 et,
1165 797 1271 864 sicubi
1293 819 1345 864 ar-

173 909 257 975 tiora
288 919 396 987 erant,
428 919 554 997 partem
586 909 730 997 equitum
764 909 907 974 dimissis
936 909 1047 997 equis,
1080 908 1175 976 simul
1207 907 1344 975 rariores

172 1019 268 1085 silvas
301 1019 442 1106 equitem
470 1018 648 1106 persultare
675 1019 841 1098 iussisset,
874 1031 1043 1106 acceptum
1074 1018 1208 1106 aliquod
1229 1019 1344 1085 vulnus
1409 1101 1414 1106 Ι

172 1151 231 1218 per
262 1129 394 1196 nimiam
424 1130 575 1195 liduciam
606 1129 699 1196 foret.
748 1129 901 1196 Ceterum
930 1129 987 1195 ubi
1015 1129 1215 1217 compositos
1244 1129 1370 1195 firrnist

172 1238 341 1306 ordinibus
374 1239 466 1326 sequi
497 1263 607 1306 rursus
637 1241 761 1318 videre,
794 1243 829 1306 in
855 1239 968 1328 fugam
996 1239 1080 1305 versi
1108 1261 1174 1306 non
1205 1239 1344 1326 agmini-

171 1349 248 1426 bus,
272 1360 306 1416 ut
331 1350 438 1436 prius,
460 1372 520 1416 nec
543 1351 625 1415 alius
648 1350 746 1416 alium
767 1362 1007 1438 respectantem
1038 1351 1101 1414 rari
1123 1361 1155 1416 et
1175 1349 1344 1415 vitabundi

171 1460 308 1526 invicem
329 1459 510 1548 longinqua
531 1472 628 1548 atque
651 1462 723 1527 avia
745 1461 877 1548 petiere.
928 1461 1021 1526 Finis
1044 1459 1202 1548 sequendi
1225 1483 1291 1526 nox
1313 1467 1368 1524 et't

173 1571 304 1636 satietas
339 1568 410 1636 luit.
468 1569 576 1638 Caesa
610 1570 753 1637 hostium
791 1571 833 1638 ad
869 1571 980 1638 decem
1014 1570 1120 1647 milia3
1165 1582 1349 1637 nostrorum

166 1810 170 1816 .
201 1757 326 1828 partim]
346 1757 362 1812 i.
383 1775 407 1813 o.
425 1758 513 1812 carisii
534 1759 603 1814 icccc
619 1760 739 1827 coqsuea
782 1761 824 1823 tit,
836 1775 897 1812 eum
911 1756 1015 1812 frustra
1027 1757 1165 1812 docueris.
1187 1758 1219 1813 In
1230 1776 1349 1829 sequen·

172 1843 198 1890 ct
214 1836 309 1903 meam,
328 1852 366 1890 sc.
385 1843 466 1890 erant
482 1853 559 1891 arma
570 1843 637 1904 etc.;
657 1854 682 1890 v.
702 1837 739 1889 ad
782 1834 856 1888 tibus
872 1835 991 1888 habetur
1004 1835 1109 1906 duplex
1122 1844 1150 1890 ct
1161 1838 1197 1890 ad
1209 1835 1348 1892 obiectum

173 1912 240 1968 Sall
260 1913 320 1981 lug.
340 1916 381 1976 18,
400 1918 424 1968 3.
444 1914 490 1968 ed.
511 1913 547 1970 ΙΙ.
783 1919 811 1966 st
830 1914 867 1966 ad
883 1910 1036 1966 subiectum
1053 1912 1200 1984 appositio,
1220 1913 1298 1968 cuius
1315 1931 1349 1967 ea

206 1996 232 2043 et
250 1987 407 2059 aliquando
425 1989 491 2058 ete]
511 1991 554 2044 lta
571 1988 633 2043 Vat
643 1995 671 2044 Γ.
689 1993 739 2056 rt,
781 1989 822 2043 vis
843 1997 900 2054 est,
919 1996 963 2054 ut,
981 2007 1037 2058 quc
1054 2007 1086 2042 cc
1104 1989 1222 2044 manime
1234 1990 1349 2058 sactum

173 2084 198 2123 a.
215 2067 253 2120 ad
271 2083 295 2121 e.
314 2071 339 2133 9,
358 2072 382 2122 Ι.
413 2065 464 2121 His
483 2065 575 2121 verbis
596 2082 653 2120 non
672 2083 739 2120 con·
781 2067 831 2134 eil,
852 2074 882 2120 ul
900 2067 1025 2120 Romani
1041 2068 1069 2120 in
1084 2069 1276 2136 persequenda
1295 2069 1348 2121 cir-

168 2143 278 2202 ,tinetur
294 2139 434 2213 generalia
444 2143 589 2212 sententia,
609 2145 660 2198 sed
671 2160 737 2206 con,-
781 2144 917 2198 cumccnti
926 2145 1048 2212 fuerint,
1066 2143 1230 2215 explicetur.

171 2219 277 2274 donata
301 2223 384 2290 fugae
410 2220 552 2292 cladisque
570 2220 737 2293 descripti03
816 2221 942 2274 incautos
960 2222 1080 2290 collecte]
1098 2222 1213 2276 Incauti
1230 2229 1294 2276 sunt
1306 2222 1348 2275 di·

173 2297 278 2369 quippe
300 2295 372 2351 inter
395 2297 554 2353 universam
580 2307 751 2354 consterna·‘
780 2299 1067 2368 enormitatemque,
1086 2299 1349 2370 quibusopponun·

172 2375 276 2431 tionem
295 2385 379 2447 atque
400 2378 513 2431 caedem
531 2376 576 2430 tic
594 2377 654 2431 illic
672 2394 738 2431 non·
781 2383 827 2429 tur
841 2375 958 2444 collecti,
973 2375 990 2430 i.
1001 2395 1025 2432 e.
1039 2376 1205 2446 conqlobati,
1222 2377 1252 2430 in
1263 2395 1348 2430 unum

172 2453 253 2517 nulli,
277 2452 387 2508 decoris
407 2471 560 2521 memores,
582 2453 681 2524 ireque
697 2455 739 2508 in·
782 2453 928 2507 coniuncti.

172 2529 253 2584 citati
275 2531 402 2585 virtutem
429 2532 621 2598 ostenderunt,
647 2549 739 2602 neque
817 2570 841 2619 5·
865 2564 898 2617 m·
907 2564 1054 2634 frema]
1075 2565 1118 2619 Ita
1133 2566 1196 2623 Va,
1210 2573 1240 2622 Γ.
1259 2567 1347 2634 infre·

172 2609 253 2662 inulti
292 2610 492 2663 occubuerunt.
547 2608 739 2680 Supplendum
782 2658 866 2712 quem
883 2646 917 2696 A.
953 2643 1096 2711 mmm
1117 2645 1144 2698 h·
1169 2643 1186 2699 l·
1209 2643 1283 2698 vicen
1302 2661 1346 2698 su·

173 2695 215 2740 eti
242 2685 307 2775 stil-
343 2685 487 2740 sementia
515 2685 577 2755 ³9⁸⁸
605 2703 739 2757 θη)Γθθδιι
782 2719 866 2773 atinet
883 2717 1022 2790 participii
1034 2721 1132 2774 adeace
1147 2720 1225 2775 verbi
1239 2721 1346 2790 (Germ.

172 2780 207 2818 ex
236 2763 314 2832 Vns·
342 2763 413 2818 Aen·
432 2763 473 2827 11,
501 2768 560 2818 3⁶⁷·
593 2763 739 2825 (ΝΟΜ
781 2797 826 2850 cc
843 2797 893 2850 ar
910 2797 1132 2865 cccccccccc).

172 2841 255 2894 ctiam
287 2840 367 2894 cicte‘a
400 2841 477 2894 redit
504 2841 535 2894 in
563 2841 739 2910 praecordia

171 2917 270 2972 victua.

208 2994 376 3064 aliquando]
394 3013 418 3050 v.
438 2995 474 3048 ad
489 3012 512 3051 c.
531 3000 556 3061 9,
575 3000 598 3050 t.

815 2874 959 2943 indaqinis
989 2875 1085 2944 modo]
1121 2875 1138 2932 i.
1175 2891 1198 2931 s.
1234 2875 1346 2944 cerani,

781 2951 866 3022 quati
882 2951 913 3004 in
929 2952 1081 3014 coactione,
1093 2953 1180 3020 sacta
1192 2953 1347 3022 proceden-

782 3035 821 3082 tea
847 3028 955 3096 (Germ.
983 3029 1055 3083 uncle
1079 3029 1135 3084 Art
1156 3030 1230 3084 einea
1254 3030 1347 3098 Joqd·

208 3110 232 3162 4.
258 3104 572 3176 Aperopinquaocmmtl
603 3105 645 3160 Ita
674 3105 738 3163 Vat.
781 3105 929 3176 crottam),-
948 3105 1178 3172 cf.Ltv.V11,3t,
1198 3113 1238 3166 14.
1260 3108 1348 3172 Quum

172 3188 204 3238 Γ.
231 3186 263 3239 Δ.
288 3183 551 3254 appropinquarunt
576 3183 684 3238 Puteal.
710 3191 740 3238 st
777 3183 1046 3253 praemisanequca
1062 3184 1157 3238 uelut
1175 3185 1347 3253 indaqine

172 3262 267 3331 vulgo.
783 3261 935 3330 dicabatur
962 3261 1102 3316 Samnites
1123 3270 1261 3330 eqcret,
1285 3278 1347 3316 cac·

206 3339 358 3394 ideruidem
370 3338 482 3408 primm
498 3337 678 3408 sequentinm,
697 3339 738 3393 in·
782 3339 845 3392 alem
863 3337 999 3406 inqentcm
1007 3339 1089 3405 fecit.

172 3425 269 3472 cautos
290 3415 401 3469 collecti
429 3423 454 3469 et
479 3416 603 3470 locorum
624 3417 739 3485 iqnaroc
818 3412 942 3468 dimissis
959 3416 1045 3485 equis}
1072 3415 1137 3470 Non
1162 3424 1226 3471 sunt·
1252 3416 1346 3475 ablatt.

171 3494 269 3564 qnasi,
287 3493 546 3564 circumveniebant]
570 3494 635 3547 Vct.
655 3499 685 3550 Γ.
704 3500 731 3548 Δ
778 3487 894 3560 ¹ubsoll,
914 3494 965 3548 sed
983 3493 1139 3563 qualitatis3
1164 3495 1198 3549 cf.
1219 3511 1242 3551 c.
1262 3498 1303 3562 36,
1325 3500 1346 3550 l.

171 3574 211 3628 iti
222 3572 333 3642 primm
349 3571 519 3640 aequentium
537 3571 664 3626 incautae
682 3571 738 3626 col·
782 3570 900 3641 Equites
928 3571 1051 3624 elimacis
1084 3571 1162 3640 equeb
1187 3570 1347 3642 germanice

170 3651 238 3704 lecti
254 3655 281 3703 ct
299 3647 423 3704 locorum
440 3647 537 3716 iqnari
547 3648 692 3717 circumu.,·
707 3679 737 3690 -
781 3657 846 3702 sunt
864 3648 1039 3716 abqeaeeeenc
1056 3649 1158 3704 Ileiter.

171 3725 341 3783 Puteolanus
366 3724 477 3781 collecti
493 3726 604 3794 primoc
626 3743 738 3796 sequen·
815 3725 941 3779 canora
963 3725 1059 3796 siloae]
1091 3724 1107 3781 i.
1132 3743 1157 3780 e.
1181 3727 1231 3780 att
1256 3728 1347 3784 manue

171 3806 242 3860 tium
269 3806 395 3860 incautos
424 3811 450 3858 et
478 3802 603 3858 locorum
623 3803 739 3873 iqnaros
782 3805 884 3858 densae
902 3810 983 3858 erant
997 3803 1093 3858 silom.

170 3883 298 3938 circumc.
334 3884 439 3938 Locum
464 3880 608 3950 ingeniose
632 3881 739 3936 sanant
817 3881 942 3950 equitem]
963 3899 1000 3936 sc.
1019 3881 1096 3950 equis
1113 3880 1205 3936 adduc
1222 3889 1348 3950 utentem,

170 3959 304 4014 Halmius.
341 3957 509 4026 Identidem,
528 3959 606 4028 quod
624 3957 647 4013 is
665 3957 738 4014 vidit
782 3957 830 4029 qui
855 3957 1048 4030 distingendus
1075 3968 1118 4012 est
1140 3960 1175 4013 ab
1199 3959 1288 4029 equite
1305 3960 1347 4014 di·

170 4039 261 4094 latere
288 4036 316 4091 in
338 4037 391 4105 iti,
419 4046 462 4091 est
484 4036 609 4106 repetitio
633 4037 739 4090 cicilia
781 4035 873 4090 missia
892 4037 977 4106 aquia.

171 4117 226 4169 bac
244 4114 393 4169 sententia:
412 4122 442 4168 ut
453 4114 553 4183 quique
564 4121 644 4168 mant
649 4114 741 4184 primi
816 4114 932 4183 equitem
947 4112 1119 4184 persultare]
1137 4111 1199 4170 Vat.
1210 4118 1239 4166 Γ.
1258 4111 1348 4183 equite

171 4193 203 4248 in
211 4193 413 4263 persequendo,
432 4191 473 4246 ita
487 4190 739 4246 coccircumocnic-
776 4192 952 4263 persultari5
981 4196 1015 4246 Δ.
1039 4190 1142 4260 equitet
1166 4191 1347 4260 perlustrari.

171 4271 251 4333 bcnt;
275 4270 350 4339 quod
375 4287 460 4338 quam
478 4268 592 4340 egregie
610 4278 739 4326 narratae
782 4269 911 4325 Correxit
934 4269 1094 4324 Rhenanus.
1130 4270 1174 4323 De
1187 4270 1349 4338 occultare

172 4347 215 4408 rei
234 4343 389 4417 conveniat,
407 4345 461 4402 uisi
479 4346 541 4420 quis
559 4358 660 4421 sponte
676 4365 739 4406 seu·
782 4365 805 4409 c.
824 4365 914 4407 accus.
950 4346 984 4405 cf.
1004 4345 1078 4415 Hist.
1097 4347 1147 4418 ΙΙΙ,
1165 4353 1207 4416 49,
1227 4352 1251 4408 2.
1281 4347 1348 4403 Pri·
