3067 4867
221 285 261 353 14
567 293 865 353 PROLeGOMuNA.
902 296 985 352 CAP.
1003 296 1041 351 11.

221 476 356 561 proprie
378 476 429 553 sit,
452 476 545 543 facile
566 480 766 565 intelligitur,
790 504 847 547 cur
868 484 1003 550 Tacitus
1026 485 1117 550 alteri
1129 466 1230 573 'operi
1251 511 1310 553 suo
1328 489 1392 555 hoc

219 605 346 663 nomen,
370 586 461 653 alteri
484 589 659 655 Annalium
681 594 925 659 convenientius
948 596 1118 679 putaverit.

302 697 437 761 Praeter
459 720 497 763 es
513 700 642 785 scripta,
668 724 750 785 quae
767 704 878 779 edidit,
902 705 967 770 alia
982 706 1141 789 quaedam
1155 725 1229 771 eum
1244 708 1386 774 voluisse

221 827 417 893 componere
449 810 522 894 ipse
557 811 680 895 aliquot
712 813 794 877 locis
827 814 1004 900 profitetur.
1056 815 1095 879 cl.
1119 817 1204 883 Hist.
1225 819 1259 894 I,
1291 820 1326 893 l,
1356 820 1378 885 4

221 916 311 995 Quod
336 920 364 983 si
390 922 453 985 vira
482 924 661 1009 surqredc'tet,
684 926 900 1009 principatum
926 927 1006 989 Dici
1026 926 1151 991 Nerone
1179 941 1207 991 et
1227 932 1389 1014 imperium

221 1028 251 1089 Τ
248 1030 353 1091 rotoni
388 1033 558 1095 uberiorem
594 1036 834 1118 securioremque
873 1039 1036 1100 materiam
1077 1041 1221 1101 senectuti
1252 1043 1389 1123 reposui,

218 1137 306 1221 quod
330 1139 500 1203 eonsilium
522 1142 587 1205 iam
613 1144 807 1228 significavit
826 1145 859 1209 in
877 1146 1054 1230 Agricolae
1074 1147 1242 1232 prooemio
1265 1170 1292 1215 o.
1308 1151 1338 1226 3,
1356 1152 1386 1215 4.

216 1248 293 1313 Non
314 1252 434 1335 pcqedit
462 1288 503 1301 -
534 1256 713 1319 memorium
735 1257 857 1340 prioris
885 1260 1037 1321 seruitutis
1059 1282 1095 1321 oc
1118 1261 1388 1323 testimonium

211 1364 485 1445 praesentium
506 1366 681 1427 horrorum
704 1369 915 1449 composuisse.
951 1366 1020 1431 Sed
1040 1366 1075 1429 id
1098 1368 1303 1452 propositum
1320 1390 1385 1435 non

216 1471 320 1555 magis
348 1486 519 1537 exsecutus
546 1474 671 1539 videtur
698 1497 796 1558 quem
825 1475 959 1541 alterum
980 1486 1128 1562 tempora
1148 1479 1293 1562 Augusti
1311 1502 1385 1543 nar-

215 1582 324 1657 randi,
356 1582 397 1645 de
426 1606 491 1666 qno
522 1584 600 1648 dicit
629 1586 716 1647 Ann.
740 1585 813 1661 III,
844 1586 899 1661 24,
922 1588 952 1651 2.
985 1587 1129 1651 Aliorum
1149 1591 1266 1666 scium,
1296 1592 1388 1653 simul

217 1704 314 1757 cetero
336 1693 417 1757 illius
439 1696 547 1759 ostatis
568 1698 752 1771 rnemorobo,
776 1697 812 1771 si,
836 1698 947 1781 effectis
969 1719 1046 1781 quoe
1067 1699 1196 1775 intendi,
1213 1699 1322 1783 plures
1344 1703 1387 1765 od

218 1827 308 1867 curos
341 1805 435 1867 vitam
458 1806 648 1888 prodmsero.
695 1804 808 1885 Quare
837 1805 1044 1869 statuendum
1066 1815 1202 1871 estnon
1225 1807 1384 1873 abiecisse

215 1933 288 1977 eum
308 1921 429 1979 mutata
450 1923 556 1977 mente
578 1923 749 1999 utrumque
771 1915 959 1992 consilium,
981 1915 1040 1979 sed
1061 1928 1165 1981 morte
1186 1916 1384 2002 prohibitum

215 2044 296 2097 osse,
320 2023 503 2107 quominus,
528 2045 610 2107 quae
627 2024 786 2089 senectuti
799 2025 966 2089 tractanda
980 2035 1180 2110 seposuerst,
1205 2027 1375 2112 perficeret

297 2132 368 2199 Iam
399 2143 560 2219 superest,
589 2144 625 2197 ut
653 2135 767 2219 paucis
792 2133 898 2199 adhuc
919 2134 960 2198 de
982 2135 1090 2199 Taciti
1112 2136 1242 2199 dicendi
1263 2159 1383 2220 genere

215 2242 374 2319 dicamus3
396 2253 499 2309 totum
521 2244 607 2309 enim
629 2254 728 2329 caput
749 2244 790 2307 de
813 2244 957 2309 dictione
977 2245 1047 2309 eius
1067 2246 1248 2311 accuratius
1270 2268 1382 2332 perse·

215 2354 271 2437 qui
300 2354 486 2439 prolixioris
514 2363 562 2421 est
592 2355 843 2441 disputationis,
873 2376 970 2438 quam
998 2376 1081 2438 quae
1109 2353 1206 2419 huius
1227 2356 1381 2422 editionis

213 2463 351 2532 oonsilio
375 2465 556 2531 conveniat.
601 2465 741 2531 Multum
763 2466 797 2529 in
820 2464 983 2529 historicis
1005 2465 1135 2549 scriptis
1161 2487 1180 2529 s
1203 2475 1381 2531 ceterorum

214 2575 408 2659 scriptorum
437 2576 673 2641 consuetudine
702 2575 875 2639 deflexisse
897 2574 1064 2653 Tacitum,
1093 2574 1298 2639 notissimum
1325 2586 1383 2639 est

212 2687 245 2754 A
268 2684 357 2751 nullo
383 2694 491 2750 tamen
512 2686 616 2771 magis
647 2685 826 2771 discrepat,
855 2708 952 2769 quam
978 2707 997 2747 a
1019 2683 1195 2763 Cicerone,
1225 2707 1381 2768 quaeres

211 2795 312 2861 mults
338 2804 370 2859 et
398 2795 510 2879 iniqua
541 2796 582 2859 de
611 2817 650 2860 eo
677 2796 798 2859 iudicia
826 2796 948 2880 gennit.
991 2794 1076 2859 Nom
1105 2795 1162 2878 qui
1188 2793 1381 2861 Ciceronem

213 2906 483 2992 perfectissimum
503 2905 624 2971 latinae
644 2905 777 2990 linguae
800 2914 964 2969 auctorem
985 2914 1083 2988 atque
1109 2903 1178 2969 eius
1200 2905 1381 2971 orationem

211 3016 341 3079 unicam
370 3015 501 3081 dicendi
529 3036 673 3079 normam
696 3024 829 3102 putant,
863 3014 1015 3079 Tacitum
1036 3014 1078 3077 ad
1099 3014 1191 3078 illum
1213 3015 1380 3096 exigentes

211 3126 312 3191 multa
335 3147 413 3189 sane
433 3126 467 3189 in
491 3147 529 3191 eo
551 3126 730 3201 inveniunt,
754 3148 837 3211 quae
859 3124 1098 3211 reprehendant
1119 3146 1158 3189 oo
1174 3125 1281 3189 minus
1296 3123 1379 3189 bene

211 3237 297 3301 diota
327 3235 480 3301 iudicent.
524 3236 590 3303 Sed
615 3259 700 3321 quse
722 3236 799 3309 olim
822 3234 962 3301 obtinuit
983 3234 1023 3300 de
1046 3233 1205 3299 Cicerone
1226 3243 1380 3318 tanquam

213 3346 309 3411 unico
338 3346 495 3432 probatae
521 3346 688 3411 latinitatis
715 3346 805 3413 fonte
827 3346 958 3431 opinio,
982 3366 1021 3409 ea
1045 3344 1144 3409 hodie
1167 3366 1281 3430 parum
1302 3367 1379 3429 pro-

212 3455 315 3533 batur,
337 3455 378 3520 iis
400 3466 496 3534 certe,
520 3458 576 3541 qui
597 3458 786 3543 incorrupto
807 3456 930 3521 iudicio
954 3454 1093 3541 praediti
1115 3455 1296 3518 universam
1316 3455 1379 3518 lin·

211 3588 297 3652 guae
335 3566 398 3629 vim
426 3588 492 3633 non
521 3569 668 3652 angustis
696 3567 815 3633 linibus
840 3568 936 3631 unius
966 3564 1107 3629 hominis
1136 3564 1269 3648 ingenio
1299 3586 1379 3629 con·

112 3682 121 3694 '
211 3677 331 3743 stitutis
370 3678 527 3743 contineri
564 3687 711 3755 censent,
747 3678 805 3743 sed
834 3698 893 3763 pro
922 3675 1018 3741 variis
1043 3673 1246 3760 temporibus
1273 3675 1379 3739 rario-

212 3809 276 3872 que
309 3786 516 3870 ingeniorum
556 3788 669 3853 habitu
710 3789 813 3852 varias
846 3788 948 3851 ‘etiam
980 3786 1110 3851 dicendi
1141 3784 1263 3849 formas
1296 3805 1379 3861 esse,

211 3896 329 3982 quibua
374 3897 567 3983 scriptorum
610 3899 811 3984 praestantia
854 3906 1030 3962 censeatur.
1102 3894 1238 3959 Tacitus
1280 3894 1381 3980 igitur

211 4028 311 4091 quum
348 4006 508 4091 peculime
551 4008 681 4073 dicendi
716 4030 821 4093 genus
856 4016 889 4071 et
915 4028 935 4069 a
965 4004 1182 4071 Ciceronisno
1219 4004 1381 4069 diversum

210 4128 407 4202 sequeretur,
430 4140 495 4182 non
519 4118 653 4185 descivit
673 4142 692 4181 a
715 4118 874 4183 Cicerone
894 4126 1048 4201 tanquam
1069 4114 1109 4179 ab
1137 4114 1302 4201 exemplo,
1328 4115 1379 4179 cui

211 4227 416 4313 assequendo
452 4230 558 4314 impar
592 4238 696 4305 esset,
731 4229 790 4293 sed
816 4238 885 4291 tum
908 4235 1031 4291 mutato
1062 4248 1168 4289 rerum
1195 4234 1281 4289 stetu
1312 4234 1380 4289 tum

211 4339 329 4405 eximia
351 4348 466 4405 natura
487 4360 546 4405 sua
568 4361 607 4403 eo
632 4340 756 4405 delatus
777 4347 835 4415 est,
857 4346 894 4403 ut
914 4338 948 4401 in
971 4359 1030 4401 suo
1052 4358 1172 4421 genere
1193 4357 1260 4403 non
1275 4334 1380 4402 solum
