3067 4867
208 368 251 448 '28
625 376 808 437 corsuum
827 378 960 437 Tuom

208 552 430 638 Ingaevones,
465 547 564 618 medii
596 554 830 631 Herminones,
863 554 961 621 ceteri
992 539 1184 621 Istaevones
1216 546 1379 624 vocentur.

210 662 369 745 Quidam,
399 673 436 727 ut
460 662 495 728 iu
521 664 652 730 licentia
676 666 861 744 vetustatis,
892 665 993 753 pluris
1017 666 1079 731 deo
1102 648 1191 733 ortos
1213 668 1381 757 plurisque

208 774 316 859 gentis
345 774 598 862 appellationes,
625 776 771 854 Marsos,
796 776 1018 856 Gambrivios,
1043 778 1186 857 Suevos,
1211 778 1381 845 Vandalos

209 886 385 964 affirmant3
408 902 512 972 eaque
529 908 604 951 vera
623 887 809 972 etantiqua
830 888 971 957 nomina.
1016 886 1169 955 Ceterum
1186 888 1408 957 Germaniae4

207 996 402 1063 vocabulum
422 1019 535 1064 recens
558 1007 591 1063 et
610 1020 716 1085 nuper
736 998 893 1077 additum,
916 1001 1082 1083 quoniam,
1105 1001 1163 1087 qui
1180 1001 1276 1089 primi
1290 1000 1381 1068 Rhe·

209 1192 343 1256 tanquam
362 1202 380 1239 a
397 1183 492 1255 primis
510 1184 683 1257 parentibus,
708 1202 774 1254 pro·
851 1186 902 1256 qui
906 1186 998 1257 primi
1004 1188 1132 1245 Rhesum
1142 1189 1311 1258 transgressi
1317 1189 1381 1259 etc]

209 1273 295 1331 gnata
316 1263 438 1316 creditur
461 1264 508 1329 (cf.
530 1280 553 1317 c.
573 1269 615 1329 39,
632 1265 685 1333 4.);
711 1279 774 1317 coa-
816 1262 863 1317 Ad
893 1266 963 1320 haec
992 1264 1158 1321 illustranda
1186 1266 1312 1339 apprime
1341 1266 1383 1320 fa-

146 1362 156 1382 ·-
209 1334 315 1393 ditorss
332 1340 426 1410 gentis
443 1338 582 1407 dicuutur,
601 1341 667 1413 quia
682 1340 774 1411 gentis
817 1340 907 1405 ciunt,
926 1360 999 1412 quae
1017 1344 1102 1397 habet
1120 1344 1223 1399 Caesar
1240 1344 1273 1399 Β.
1292 1344 1326 1397 G.
1344 1341 1382 1407 ΙΙ,

209 1416 334 1472 instituta
352 1427 436 1489 atque
454 1435 545 1473 morea
566 1420 602 1473 ab
622 1416 655 1473 iis
678 1426 774 1473 aucto·
816 1425 878 1487 4,1.
900 1420 950 1475 Sic
968 1421 1137 1491 reperiebat,
1153 1422 1306 1491 pleraeque
1315 1420 1383 1475 Bel·

209 1494 288 1550 ribus
305 1503 478 1567 repetuntur.
815 1514 868 1565 qus
892 1514 949 1552 esse
977 1506 1078 1554 ortos
1103 1500 1145 1553 ab
1170 1497 1382 1565 Germania,

242 1574 382 1643 aoeeatru]
411 1571 596 1627 Coniunctivo
617 1590 683 1627 usus
702 1570 772 1627 Tac.
815 1574 994 1645 libertumque
1022 1576 1176 1647 antiquitus
1204 1577 1383 1631 transductus

210 1652 293 1704 tidem
310 1650 400 1705 famae
419 1653 455 1705 de
472 1650 597 1723 gentium
615 1650 774 1705 nominibus
816 1682 851 1693 -
866 1652 1004 1721 Gallos,
1022 1654 1072 1723 qui
1089 1670 1124 1707 eo
1142 1654 1206 1708 loca
1222 1653 1382 1717 incolerent,

209 1727 343 1782 aManni
368 1727 431 1782 filiis
461 1728 551 1783 ductis
580 1731 615 1783 sd
646 1738 774 1783 auctores
817 1729 1004 1799 expulisse.
1029 1730 1096 1787 ibid.
1111 1733 1133 1799 5.
1153 1737 1192 1787 10.
1213 1730 1382 1798 Gaudeamus,

209 1804 312 1870 reiicit,
328 1806 388 1876 ipse
404 1823 461 1861 nou
476 1812 608 1878 praestat.
817 1808 976 1877 Eburones,
1010 1809 1178 1876 Caeraesos,
1214 1809 1382 1872 Paemauos,

242 1883 322 1937 atla
338 1884 453 1939 luentia
472 1882 626 1953 uetustatis]
653 1884 700 1952 Ut,
726 1882 775 1937 ubi
817 1885 878 1956 qui
894 1902 959 1939 une
978 1886 1116 1940 nomiae
1137 1884 1306 1941 Ges-maai
1323 1902 1382 1953 ap·

210 1977 336 2015 caussam
360 1963 489 2040 designat
514 1962 543 2015 in
560 1962 635 2016 facto
658 1960 775 2031 ipsaque
812 1962 1005 2033 pellantur,
1022 1963 1162 2018 arbitrari
1176 1964 1217 2018 ad
1227 1962 1280 2017 XL
1292 1961 1382 2015 milia.

209 2038 250 2093 rei
269 2046 367 2093 natura
384 2040 510 2109 positam,
529 2036 695 2093 Germanice
711 2038 775 2092 red·
818 2040 855 2093 Hi
878 2039 965 2110 igitur
988 2049 1066 2105 sunt,
1090 2058 1160 2111 quos
1179 2040 1295 2095 Tacitus
1315 2038 1383 2093 dicit

211 2117 334 2172 dendum
358 2116 411 2170 wie
434 2116 596 2185 uatitrle'clz‚·
625 2116 662 2170 ci.
682 2120 728 2181 22,
750 2121 775 2171 2.
818 2134 892 2172 nunc
910 2119 1038 2188 Tuuqros
1056 2118 1167 2183 vocari,
1185 2126 1244 2172 tum
1266 2116 1383 2172 Guma-

210 2200 252 2258 34,
271 2200 295 2251 4.
319 2199 360 2258 43,
380 2199 403 2248 2.
424 2199 466 2256 45,
478 2198 509 2259 ¹3.
535 2200 578 2257 46,
596 2200 621 2250 6.
645 2200 674 2247 et
693 2213 719 2247 v.
739 2195 776 2246 ad
817 2212 868 2248 uos
882 2204 996 2250 vocatos
1010 2214 1080 2251 esse.
1109 2196 1198 2250 Simul
1212 2212 1248 2249 ex
1261 2205 1382 2265 utroque

209 2271 305 2343 Agric.
325 2277 365 2336 11,
385 2275 409 2326 2.
436 2270 506 2324 Hist.
527 2271 553 2335 Ι,
571 2277 596 2335 4,
614 2276 638 2326 3.
657 2301 691 2311 -
717 2271 776 2324 Ls'-
818 2272 954 2345 scriptore
980 2281 1073 2344 patet,
1102 2273 1308 2328 Germanorum
1332 2290 1383 2326 vo-

210 2349 332 2404 ceuts'a
361 2349 505 2403 uetustatis
533 2348 700 2419 intelligitur
728 2366 774 2413 ea,
818 2351 947 2405 eubulum
965 2351 1055 2422 primo
1073 2350 1274 2422 appellativum
1290 2349 1382 2415 fuisse,

210 2445 283 2498 quae
311 2425 432 2481 cernitur
455 2425 484 2481 in
499 2428 642 2497 flaqeads's
652 2425 775 2493 fabulis,
818 2446 875 2482 non
893 2428 1045 2499 proprium,
1063 2427 1092 2482 id
1110 2431 1187 2500 quod
1205 2430 1383 2483 confirmatur

211 2503 260 2559 ubi
280 2511 356 2559 certa
377 2522 471 2559 rerum
493 2504 627 2560 memoria
651 2522 685 2559 ac
705 2505 775 2558 fides
818 2506 901 2560 etiam
924 2523 994 2560 vocs
1019 2506 1161 2575 additum,
1185 2523 1277 2577 neque
1301 2506 1382 2560 aliam

210 2582 289 2637 nulla
307 2590 359 2637 est.
515 2577 518 2581 ⁵
818 2583 904 2637 fuisse
917 2584 982 2639 eius
1000 2584 1129 2639 vocabuli
1148 2582 1212 2647 vim,
1225 2600 1309 2655 quam
1329 2600 1382 2637 ar-

216 2724 220 2728 ,
246 2658 401 2729 mosmos]
428 2658 445 2713 i.
464 2658 633 2715 eeiusdes‘
655 2655 773 2727 (Manui)
817 2679 950 2715 morum
980 2660 1285 2726 communionem,
1316 2677 1383 2732 qua

200 2739 286 2810 ⁴filios
303 2754 369 2792 esse.
818 2756 934 2793 omues
952 2741 993 2792 ad
1010 2739 1247 2793 debellandos
1265 2741 1383 2791 hostes

246 2832 333 2887 ecque
353 2844 389 2853 —
409 2813 533 2883 aemma]
566 2812 682 2869 Tacitus
705 2814 733 2867 h.
754 2812 775 2867 l.
817 2823 1031 2871 tenerentur
1049 2816 1290 2884 '(Weluruauuei).
1339 2816 1383 2870 lix

210 2893 317 2967 pariter
337 2901 369 2946 nt
391 2908 415 2946 c.
434 2898 477 2958 45,
498 2897 521 2947 1.
541 2908 621 2945 suum
640 2890 776 2945 derebus
818 2912 874 2965 qua
898 2900 1038 2965 potestate
1067 2893 1149 2948 unice
1178 2895 1283 2965 pendet
1311 2892 1384 2947 iusta

211 2971 264 3027 sibi
295 2968 414 3046 narratis
444 2968 597 3040 interponit
627 2968 776 3036 iudicium
818 2974 968 3027 verborum
993 2971 1167 3043 sequentium
1193 2974 1245 3042 „ab
1266 2972 1384 3027 metuam

212 3066 298 3120 quare
316 3054 380 3101 suat
396 3046 589 3117 supplendum,
608 3062 665 3100 non
682 3061 749 3103 esse.
817 3048 1018 3119 interpretatio.

246 3132 271 3181 4.
288 3124 415 3193 ceterum]
435 3124 618 3179 Adversativa
633 3122 675 3177 vis
690 3121 776 3194 parti-
852 3126 977 3182 aetionis
998 3135 1097 3181 nomeu
1119 3126 1150 3180 iu
1169 3126 1267 3196 pestis]
1293 3125 1382 3183 cndu.
1489 3157 1496 3169 ι

212 3203 292 3260 culae
316 3203 351 3270 (v.
370 3203 406 3255 ud
422 3200 517 3271 Agric.
536 3206 578 3266 25,
598 3203 632 3270 1.)
658 3201 687 3257 h.
704 3199 721 3253 l·
746 3198 775 3254 in
814 3218 913 3262 ‘omues
931 3205 1055 3260 amicula
1071 3220 1183 3268 acmes,
1203 3221 1269 3258 aaa
1285 3204 1384 3273 queteb,

212 3300 247 3338 eo
266 3278 400 3344 cernitur,
421 3279 497 3350 quod
513 3277 629 3349 singulis
651 3279 775 3349 appella·
818 3286 895 3356 quod
908 3291 1005 3354 aperte
1019 3291 1178 3353 corruptum
1192 3290 1243 3337 est
1269 3281 1383 3335 Tacitus

208 3358 335 3415 'tionibus
372 3356 530 3411 universum
563 3356 649 3411 totius
685 3357 777 3427 gentis
819 3362 891 3417 enim
904 3363 1082 3428 demonstrat,
1095 3361 1236 3430 quomodo
1250 3358 1383 3428 generale

211 3436 380 3494 vocabulum
397 3434 555 3505 opponitur.
818 3437 965 3493 universae
984 3436 1075 3506 gentis
1094 3454 1204 3507 nomen,
1222 3438 1300 3506 quod
1316 3436 1384 3491 olim

245 3513 344 3585 cuper]
365 3529 390 3569 v.
409 3514 445 3565 ad
465 3530 488 3567 c.
509 3518 531 3578 1,
551 3517 575 3567 2.
817 3534 874 3572 aaa
892 3515 1003 3584 fuerit,
1034 3523 1125 3569 ortum
1152 3514 1201 3583 sit,
1233 3514 1318 3585 idque
1345 3514 1383 3567 ita

247 3589 387 3659 additum]
406 3606 444 3644 sc.
464 3606 522 3644 ease
538 3589 693 3659 affimant.
817 3596 921 3649 iactum
936 3592 1011 3657 dicit,
1031 3600 1185 3661 mauman,
1204 3593 1281 3662 quod
1293 3591 1382 3663 primo

207 3686 210 3692 ’
247 3688 284 3727 ae
297 3686 371 3724 amec
385 3667 501 3735 aueum]
522 3666 592 3722 cou
603 3666 635 3723 P.
652 3674 688 3720 ut
704 3683 778 3720 uuae
813 3672 905 3743 pauci
916 3670 1071 3740 (Condrusi,
1085 3670 1238 3731 Eburones,
1251 3671 1316 3735 etc.)
1332 3666 1382 3722 sibi

211 3750 264 3819 ·T.,·
287 3745 373 3802 ceteri
395 3762 431 3799 ac
447 3763 473 3801 a.
497 3745 528 3799 T.
547 3774 581 3785 -
604 3744 711 3815 Supple
730 3762 776 3798 uo·
818 3750 985 3813 indiderant,
997 3746 1130 3819 paulatim
1143 3748 1179 3801 ad
1191 3762 1283 3800 omues
1294 3754 1382 3800 trans-

213 3834 309 3883 aeuus
330 3823 574 3892 inanescentem),
601 3838 672 3891 quae
697 3820 776 3875 verbi
819 3827 957 3896 serretur3
990 3825 1115 3879 uatiom's
1144 3823 1217 3879 enim
1245 3823 1382 3877 vocabulo

212 3907 302 3961 forme
328 3920 365 3958 ex
383 3900 511 3972 sequenti
535 3899 697 3971 praedicato
721 3900 777 3953 huc
814 3922 888 3975 pars
905 3902 1096 3957 tantummodo
1114 3901 1314 3970 significatur,
1327 3900 1382 3955 sive

211 3986 351 4038 trahenda
375 3987 429 4051 θεῖς
455 3979 490 4035 cf·
508 3995 532 4033 θ·
549 3983 591 4042 36.
610 3983 634 4034 3·
661 3978 710 4032 Ila
729 3977 779 4049 qui
818 3981 925 4053 species
951 3976 1075 4049 generis,
1100 3998 1169 4048 qeus
1190 3979 1383 4049 complectitur

213 4059 373 4117 olim-boul
397 4058 532 4127 aequique
561 4056 695 4111 Clenucs‘
721 4061 777 4122 (sc.
818 4060 961 4113 uniuersos
981 4058 1026 4125 (cf.
1042 4063 1066 4123 2,
1085 4062 1109 4113 3.
1133 4057 1270 4126 oripiuem
1287 4057 1383 4126 pestis.

207 4138 304 4193 ‘vocati
326 4140 418 4203 suut),
442 4152 515 4189 uuae
534 4134 635 4187 memes
655 4140 681 4187 et
700 4132 780 4186 stulti
822 4142 862 4201 19,
883 4143 904 4191 1.
929 4142 971 4203 27,
990 4140 1014 4191 3.
1038 4140 1080 4203 38,
1102 4141 1123 4190 1.
1147 4133 1338 4202 Ve11.11,9a,
1360 4140 1381 4191 1.

212 4223 353 4272 uocantur.
369 4220 412 4278 41,
424 4218 447 4269 2.
470 4214 512 4281 Ut,
524 4229 579 4283 quo
592 4213 676 4266 medo
684 4210 777 4281 paulo
821 4214 954 4270 omuibus
970 4212 1029 4267 eius
1046 4211 1159 4281 pectis
1176 4211 1336 4266 nationibus
1353 4212 1383 4265 s‘a

213 4301 278 4349 uate
294 4292 421 4348 Rhenum
440 4291 488 4359 (sc.
505 4297 616 4345 secutus
633 4291 717 4354 sum),
735 4288 778 4343 sic
819 4308 902 4345 arma
929 4290 1092 4359 accensis).
1124 4288 1215 4359 Igitur
1243 4306 1384 4343 commuue

212 4388 287 4427 uuae
298 4367 463 4425 Danubium
473 4384 584 4438 sequar.
600 4386 626 4420 v.
635 4368 672 4420 ad
681 4366 777 4435 Agric.
819 4368 907 4439 pectis
928 4385 1026 4423 uomeu
1050 4366 1073 4421 si
1093 4368 1215 4423 nondum
1237 4368 1303 4432 tuit,
1328 4383 1383 4421 nou

216 4453 258 4515 13,
270 4453 294 4504 4.
308 4454 338 4502 et
351 4447 387 4502 ad
398 4445 465 4500 Sall.
478 4444 538 4500 Cat.
550 4450 592 4514 47,
604 4450 629 4501 2.
642 4446 687 4502 etl
697 4443 734 4501 11.
743 4474 775 4485 -·
820 4446 912 4519 potuit
923 4464 1014 4518 neque
1025 4444 1208 4511 invalescere,
1223 4458 1315 4516 neque
1327 4460 1384 4499 non

1516 2388 1521 2421 l
