3067 4867
325 331 375 385 DE
395 325 527 385 TACITI
544 328 714 384 SCRIPTIS
734 328 785 383 ΕΤ
802 328 961 383 urceum
978 328 1143 384 GENERE.
1281 330 1320 395 11

147 508 329 605 'fruiturque
348 508 467 582 sedibus
487 520 593 583 sacris.
632 516 772 601 Negavit
789 517 920 600 quidem
937 518 1052 582 acriter
1068 518 1208 581 Haasius
1223 515 1321 581 ullam

156 630 214 693 hos
238 628 330 693 locos
352 627 415 690 vim
438 625 556 690 habere
581 626 622 689 ad
646 626 824 711 Dialogum
847 626 963 692 Tacito
985 627 1221 701 ascribendum,
1245 628 1322 711 quia

155 750 187 803 et
207 730 295 802 ¹levis
326 736 367 801 sit
391 736 446 799 illa
476 736 688 819 congruentia
709 736 743 799 in
766 736 901 801 vocibus
923 760 1049 801 canoro
1072 751 1100 801 et
1121 740 1182 801 tuci
1203 740 1320 823 posita,

155 868 262 932 neque
285 848 444 910 sententia
465 845 505 909 iis
528 846 762 930 comprehensa
789 847 894 933 ipsius
916 847 1022 912 Taciti
1052 848 1110 923 sit,
1139 848 1197 911 sed
1219 848 1321 934 Apri3

156 978 256 1042 quare
277 957 420 1021 Plinium
451 976 516 1019 non
549 954 635 1019 bunc
664 956 770 1020 locum
798 957 960 1042 respicere
997 958 1166 1043 potuisse,
1199 960 1322 1021 sedari

156 1068 211 1131 illa
233 1066 331 1131 verba
354 1067 388 1130 in
410 1064 548 1151 epistola
572 1061 680 1149 aliqua
692 1066 798 1129 Taciti
821 1066 943 1152 scripta
957 1068 1114 1133 allusisse.
1153 1066 1221 1133 Sed
1244 1068 1322 1133 haec

158 1188 270 1263 aperte
293 1176 458 1261 argutiora
480 1186 563 1239 sunt.
605 1175 731 1256 Quidni
755 1177 840 1239 enim
861 1176 958 1241 liceat
979 1178 1020 1240 ad
1036 1189 1199 1241 auctorem
1216 1178 1324 1264 ipsum

156 1287 293 1361 referre,
323 1306 407 1370 quae
433 1286 461 1349 is
492 1285 632 1369 aliquem
660 1286 819 1349 dicentem
849 1287 947 1351 lacit?
991 1290 1062 1363 An,
1093 1298 1127 1350 ut
1158 1287 1220 1351 hoc
1242 1302 1322 1367 utar,

159 1396 295 1480 quaein
319 1392 487 1461 Ciceronis
509 1395 591 1459 libro
616 1396 655 1459 de
678 1407 844 1459 senectute
867 1420 885 1460 a
908 1397 1033 1461 Catone
1056 1398 1143 1461 dicta
1162 1397 1323 1482 leguntur,

157 1526 223 1569 non
253 1505 317 1591 ipsi
340 1504 491 1571 Ciceroni
524 1505 620 1569 tribui
651 1507 811 1591 possunt?
857 1505 933 1571 Nou
964 1506 1069 1591 magis
1102 1507 1242 1571 validum
1273 1521 1323 1573 est

158 1614 293 1679 alterurn
322 1626 547 1701 argumentum
570 1636 589 1678 a
610 1615 739 1679 levitate
760 1616 930 1681 verborum
954 1618 1093 1682 ductum.
1138 1617 1222 1683 Sunt
1246 1640 1325 1684 sanc

158 1726 248 1791 levia.
293 1726 359 1792 Sed
386 1748 451 1789 non
475 1726 537 1789 hoc
559 1725 682 1810 agitur,
711 1724 834 1791 leviane
863 1726 945 1801 sint,
976 1748 1017 1789 an
1044 1726 1169 1812 gravia,
1203 1728 1260 1791 sed
1282 1751 1324 1793 an

160 1848 255 1905 certa.
313 1836 397 1900 Sunt
436 1846 542 1899 autem
583 1836 770 1900 certissima.
832 1836 1114 1917 Quemadmodum
1152 1849 1258 1903 autem
1291 1839 1325 1901 in

160 1946 284 2009 caussis
320 1944 514 2031 capitalibus
552 1966 650 2031 saepe
683 1945 744 2009 levi
772 1946 830 2009 sed
857 1957 947 2010 certo
975 1945 1097 2010 indicio
1122 1970 1251 2011 summa
1278 1949 1324 2013 rei

161 2056 311 2141 patescit,
335 2055 380 2117 ita
406 2054 545 2119 dubitari
568 2076 632 2119 non
656 2066 782 2141 potest,
805 2055 881 2139 quin
910 2056 1050 2140 paucula
1071 2056 1127 2119 illa
1147 2056 1259 2135 verba,
1283 2060 1326 2123 ad

162 2186 247 2251 quse
267 2164 395 2230 rania
418 2164 559 2249 respicit,
582 2165 670 2229 uam
694 2166 735 2229 ss
757 2164 891 2249 Diatogi
912 2178 1043 2229 auctore
1063 2166 1223 2233 stamma.
1260 2150 1350 2250 ca}

162 2288 264 2340 terum
287 2272 416 2339 habitus
438 2276 571 2359 fingitur
594 2298 621 2339 a.
647 2276 694 2339 75.
712 2298 741 2360 p.
759 2274 836 2339 Chr.
852 2299 883 2341 n.
899 2276 954 2355 (ci.
971 2298 999 2339 c.
1020 2277 1068 2351 17,
1092 2278 1134 2354 3).
1173 2279 1323 2365 Scriptus
1344 2293 1353 2394 p

161 2384 372 2471 probabiliter
394 2396 444 2449 est
465 2382 571 2448 medio
597 2384 779 2448 Domitiani
801 2385 947 2471 imperio.

245 2496 298 2558 Ex
319 2494 481 2559 historicis
504 2494 657 2581 operibus
681 2494 819 2580 primum
840 2495 902 2561 fuit

246 2605 469 2690 Agricola,
505 2602 632 2669 libellus
664 2626 798 2689 prorsus
826 2605 993 2690 egregius,
1025 2626 1086 2669 nec
1113 2605 1217 2691 magis
1248 2619 1325 2684 arte,

163 2714 228 2777 veri
251 2737 377 2791 amore,
402 2714 523 2781 iudicio
545 2727 651 2791 recto,
681 2736 777 2798 quam
800 2714 920 2800 pietate
941 2714 974 2777 in
998 2736 1145 2777 socerum
1166 2725 1198 2777 et
1219 2716 1327 2780 vivido

164 2824 371 2889 humanitatis
400 2846 498 2889 sensu
530 2824 736 2910 conspicuus.
788 2824 938 2909 Scriptus
968 2835 1019 2888 est
1038 2824 1088 2887 vel
1114 2846 1199 2889 anno
1221 2825 1271 2891 97.
1295 2814 1348 2916 pl

164 2932 240 2999 Cbr.
264 2945 412 3009 exeunte,
435 2934 486 2998 vel
508 2958 535 3002 a.
558 2934 608 2999 98.
632 2935 774 3011 ineunte,
798 2945 834 2998 ut
856 2946 946 3020 patet
965 2919 1005 3001 ex
1026 2955 1054 2999 c.
1069 2936 1100 3010 3,
1119 2938 1146 3000 l.
1189 2935 1226 2999 ln
1249 2919 1350 3021 pro-l

164 3044 270 3109 oemio
299 3044 466 3131 professus
496 3054 608 3108 auctor
635 3044 779 3109 feliciore
806 3044 934 3121 seculo,
963 3044 1053 3129 quod
1082 3044 1142 3108 snb
1166 3046 1275 3110 Nerva
1296 3059 1329 3111 et

165 3154 309 3218 Traiano
331 3154 488 3233 illuxerat,
511 3154 629 3241 prioris
651 3155 813 3219 servitutis
828 3176 864 3219 se
878 3155 1046 3219 historiam
1062 3157 1327 3241 compositurum,

164 3264 255 3329 cuius
282 3264 375 3349 quasi
407 3286 598 3350 praecursor
625 3276 711 3329 esset
732 3263 889 3350 Agricola
919 3265 1100 3351 posteritati
1126 3278 1273 3330 narratus
1297 3281 1329 3331 et

164 3374 309 3451 traditus,
332 3373 541 3439 nihilominus
565 3375 654 3463 prius
678 3388 718 3440 et.
731 3376 863 3461 quidem
884 3376 1001 3440 eodem
1023 3398 1110 3440 anno
1131 3376 1181 3442 98.
1199 3401 1229 3461 p.
1249 3375 1326 3442 Chr.

165 3484 531 3565 fflcssmffiffl

250 3595 527 3671 Germaniam,
549 3616 613 3679 quo
636 3594 718 3660 libro
737 3595 951 3661 Germanicae
972 3607 1076 3661 terrae
1098 3596 1195 3660 situm
1216 3608 1249 3661 et
1268 3619 1328 3661 na-

103 3786 107 3794 ,
165 3716 279 3783 turam,
302 3705 513 3790 gentiumque
529 3704 685 3770 variarum
703 3728 820 3782 mores,
836 3706 992 3783 instituta,
1007 3708 1104 3769 vitam
1119 3706 1330 3772 domesticam

166 3827 264 3899 atque
289 3814 452 3900 publicam
475 3814 663 3900 descripsit,
687 3837 726 3879 eo
750 3816 857 3879 animo
879 3816 958 3880 haec
981 3828 1188 3901 persecutus,
1210 3828 1245 3881 ut
1267 3840 1328 3903 ap·

168 3938 278 4010 pareat
304 3924 378 3988 illas
398 3936 531 4011 gentes,
563 3947 646 4009 qnae
668 3925 825 4009 peculiari
846 3925 979 4010 ingenio
1006 3949 1066 3990 suo
1088 3926 1205 4012 partim
1227 3928 1329 3994 admi·

166 4034 286 4098 randae
303 4035 420 4120 partim
435 4034 598 4099 timendae
613 4034 807 4111 viderentur,
831 4058 908 4120 prae
923 4037 1037 4100 ceteris
1055 4035 1199 4101 barbaris
1213 4038 1330 4124 dignas

168 4166 241 4207 eum
275 4144 444 4223 habuisse,
477 4168 612 4229 quarum
648 4145 879 4210 accuratiorem
908 4146 1055 4211 notitiam
1081 4148 1223 4212 Romani
1246 4149 1331 4213 scci-

168 4266 288 4339 perent
333 4254 388 4329 Ad
419 4251 489 4319 cam
518 4254 749 4339 cogitationem
782 4277 881 4340 quum
909 4255 975 4320 iam
996 4269 1121 4322 mature
1142 4259 1331 4344 compulsus

166 4364 328 4442 videatur,
361 4364 523 4450 siquidem
553 4364 721 4451 probabile
751 4378 816 4444 est,
844 4378 879 4431 ut
908 4390 1008 4455 supra
1030 4368 1331 4448 demonstravimus,
