3067 4867
457 294 668 364 nonrootn.
702 300 733 359 c.
754 288 892 361 xxxin.
922 293 1057 358 xxxrv.
1286 288 1347 364 tlt

174 491 269 562 mitae
291 517 330 562 ao
353 495 452 562 decus
475 495 591 560 eodem
611 494 684 559 loon
708 493 771 558 site
793 502 881 569 sunt3
908 513 969 560 neo
997 489 1173 578 inglorium
1195 487 1291 556 luerit
1312 488 1346 554 in

175 607 250 694 ipso
272 621 428 672 terrarum
449 627 488 671 ae
509 614 644 670 naturae
665 605 730 670 line
752 603 919 670 cecidisse.

257 717 428 784 XXXIV.
455 716 492 784 si
514 738 617 782 novae
637 726 753 802 gentes
776 727 874 801 atque
894 713 1008 800 ignota
1029 712 1115 781 acies
1137 711 1347 790 constitisset,

176 827 314 894 aliorum
335 827 534 896 exercituum
555 826 714 915 exemplis
730 848 789 893 vos
809 826 967 902 hortarer3
990 847 1078 891 nuno
1099 834 1207 890 vestra
1229 822 1348 888 deeora

175 953 359 1017 recensete,
381 952 507 1006 vestros
529 937 643 1006 oeulos
664 938 871 1025 interrogate.
915 936 961 1002 Hi
984 946 1069 1014 sunt
1092 958 1176 1022 quos
1198 934 1346 1023 proximo

176 1073 262 1117 anno
292 1073 391 1117 unam
417 1050 582 1140 legionem
608 1049 692 1116 lurto
715 1049 821 1116 noetis
843 1069 1019 1135 aggressos
1041 1047 1181 1113 elamore
1206 1045 1348 1112 debella-

178 1161 256 1238 stis3
286 1159 321 1226 hi
344 1173 524 1229 ceterorum
544 1161 775 1228 Britannorum
797 1158 1013 1244 fugacissimi,
1043 1159 1183 1244 ideoque
1206 1173 1273 1223 tam
1294 1157 1350 1224 diu

154 1272 379 1360 osuperstites.
424 1273 602 1358 Quomodo
632 1273 729 1338 silvas
759 1271 925 1356 saltusque
948 1269 1190 1357 penetrantibus
1211 1269 1350 1335 fortissi-

179 1404 268 1449 mum
289 1384 444 1472 quodque
468 1384 586 1454 animal
608 1395 720 1449 eontra
741 1383 852 1460 ruere,
876 1419 918 1430 -
947 1379 1065 1468 pavida
1087 1380 1255 1447 etinertia
1275 1380 1350 1468 ipso

214 1570 258 1624 Hi
277 1572 353 1638 eran]
377 1571 423 1625 lta
442 1568 504 1626 Vnt
531 1576 561 1624 Γ.
582 1574 617 1626 Δ.
652 1569 744 1640 Vulgo
788 1574 928 1643 φοβεῖται,
947 1567 1012 1622 ἐπεί
1026 1586 1075 1623 κεν
1094 1565 1221 1638 ὑλαγμὸν
1239 1566 1352 1644 ἀκούσῃ,

179 1647 205 1701 ii
219 1655 290 1712 aaut,
308 1665 345 1702 ex
363 1648 472 1709 Puteol.
484 1647 643 1702 mutatione.
675 1648 745 1703 Pro·
788 1664 873 1718 quum
891 1645 1056 1714 Agricolam
1073 1645 1113 1700 ita
1131 1647 1292 1717 loquentem
1312 1648 1353 1702 sa-

180 1724 300 1779 nominis
317 1724 389 1779 ratio
403 1727 474 1780 haee
486 1735 542 1780 ost:
562 1726 600 1793 ki,
618 1724 666 1796 qui
680 1742 745 1780 oon·
788 1731 878 1788 neret,
896 1731 989 1778 tamen
1007 1724 1044 1776 ed
1061 1723 1148 1778 verba
1165 1723 1353 1780 insolentioris

181 1802 325 1868 stiterunt,
352 1802 400 1857 illi
415 1811 492 1871 suat,
511 1821 631 1874 qnos-
651 1804 746 1858 debel-
788 1808 944 1855 structurae
961 1807 1037 1855 reote
1057 1799 1238 1871 intelligentie
1257 1812 1355 1858 tenen·

180 1878 267 1935 laetis.
788 1879 853 1932 dum
871 1884 921 1940 est,
939 1877 1104 1934 sententiam
1123 1896 1185 1948 non
1198 1897 1258 1935 esse
1270 1899 1355 1951 gene·

213 1975 298 2012 anam
325 1957 469 2026 lenientem}
495 1975 534 2014 re.
560 1973 678 2025 nonam;
711 1960 746 2014 ef·
788 1955 883 2019 ralenr,
902 1955 951 2008 setl
963 1954 1126 2024 Agricolam
1145 1956 1222 2026 loqui
1240 1960 1276 2013 de
1293 1959 1354 2030 ipso

181 2052 204 2089 o.
223 2040 265 2092 26,
790 2031 890 2086 itinere
910 2031 1049 2086 exereitus
1068 2032 1110 2088 sni
1129 2051 1181 2104 per
1198 2033 1280 2090 silvas
1300 2037 1354 2090 sal·

208 2114 293 2180 sarto
312 2111 415 2180 nocta]
440 2110 457 2165 i.
478 2130 503 2167 e.
521 2111 679 2167 insidiis
698 2131 746 2166 ao·
789 2116 889 2180 tueque
909 2113 943 2177 (a.
965 2114 1012 2175 33,
1038 2113 1075 2178 6.)
1099 2111 1185 2166 fanto.
1220 2111 1302 2167 Petet
1326 2113 1355 2167 id

182 2189 304 2258 staretis,
335 2191 379 2242 rel
404 2189 574 2254 insidiis,
604 2208 675 2260 quos
691 2207 746 2243 noo
788 2186 949 2258 planissime
964 2205 1000 2240 ex
1018 2189 1099 2244 eodo.
1115 2188 1253 2259 scriptura
1265 2191 1354 2260 pelle·

183 2267 311 2328 iuvabot3
341 2266 377 2320 of.
402 2266 469 2322 Sall.
499 2266 571 2322 Hist.
601 2267 648 2321 Fr.
666 2267 694 2329 1,
714 2271 746 2323 86
789 2265 897 2318 bantur.
951 2264 1017 2318 Non
1053 2264 1142 2319 minue
1172 2281 1278 2322 eertum
1313 2278 1356 2324 est

184 2348 251 2412 (93).
282 2345 364 2398 Metu
381 2344 638 2412 pentisadsarta
656 2344 750 2398 belli
790 2341 1057 2411 retroperfeoum,
1077 2343 1182 2415 quippe
1202 2342 1246 2398 oui
1264 2362 1299 2400 ex
1318 2347 1356 2400 al·
1406 2398 1408 2401 .

178 2421 358 2492 peridoaeae.
394 2421 470 2476 curt.
482 2421 530 2487 IV,
553 2426 592 2490 1³,
610 2429 634 2478 9.
663 2424 748 2476 Meae
791 2425 852 2472 tera
880 2428 961 2489 parte
992 2421 1161 2490 respondeat
1189 2422 1357 2478 oeciderunt.

182 2499 292 2568 pieriae
323 2530 356 2539 -
380 2499 525 2564 sartum
554 2499 673 2554 noctis
702 2501 748 2553 ab·
792 2495 834 2550 Ite
854 2495 926 2549 enirn
938 2494 1089 2552 Britannos
1110 2500 1358 2554 oumrilvestribns

181 2583 258 2630 atara
276 2576 449 2645 aoapattar.
792 2572 882 2627 beluis
899 2583 1051 2645 comparat,
1070 2574 1182 2630 ntalios
1197 2577 1358 2632 forteresse

216 2653 350 2722 elamore!
371 2651 389 2708 i.
406 2671 431 2708 e.
450 2654 573 2707 elamore
590 2653 667 2717 solo,
691 2670 747 2724 qno
793 2651 881 2714 diost,
905 2649 974 2704 alios
993 2649 1122 2720 ignavos3
1148 2670 1267 2723 quorum
1285 2654 1357 2720 illos,

184 2730 269 2784 initur
295 2748 405 2800 pugna,
429 2729 468 2784 ita
491 2740 522 2784 nt
539 2732 575 2784 ed
594 2731 654 2801 ipse
671 2748 749 2785 erma
792 2727 841 2798 qui
860 2727 994 2796 impetum
1013 2729 1105 2782 tacere
1125 2729 1183 2783 ausi
1202 2730 1271 2796 sint,
1296 2748 1358 2787 eae·

183 2824 227 2862 res
247 2824 303 2860 non
322 2806 438 2861 veniret.
792 2821 837 2858 sos
863 2821 937 2868 osse,
962 2804 1080 2874 ignavos
1104 2811 1186 2860 modo
1204 2825 1358 2880 superesse.

216 2885 249 2938 ti
258 2887 418 2953 emmeram]
431 2885 546 2941 ltaVat.
563 2891 589 2942 Γ.
600 2889 634 2941 Δ.
654 2885 749 2956 Vulgo
793 2881 833 2936 Ut
851 2881 937 2952 igitur
956 2891 1054 2936 contro
1071 2885 1152 2937 raino
1170 2884 1252 2940 simul
1270 2888 1358 2941 invol-

184 2962 279 3029 iicet,
297 2980 333 3016 ex
351 2961 461 3019 Puteol.
480 2962 641 3018 mutatione.
792 2959 832 3013 rit
859 2977 894 3013 ao
919 2977 1001 3014 caesa
1027 2969 1106 3029 sant,
1141 2960 1181 3016 ita
1212 2963 1239 3018 in
1268 2965 1359 3018 verbis

217 3047 371 3094 camoenam
397 3069 432 3080 -
449 3040 646 3108 superarint]
675 3041 750 3107 Qua·
793 3037 965 3092 acerrimi
986 3040 1038 3094 Br.
1063 3039 1222 3094 oeciderunt
1242 3043 1295 3096 boe
1319 3043 1359 3096 in·

185 3119 250 3172 dam
277 3115 390 3172 dicendi
419 3117 591 3188 negligentia
613 3121 685 3173 duae
710 3119 751 3175 lo·
780 3123 848 3179 est,
882 3115 1014 3170 uosrrirni
1040 3117 1105 3184 Bet,
1140 3118 1201 3188 qui
1233 3128 1360 3174 eontra

185 3194 310 3250 ontiones
335 3193 467 3249 confusae
494 3204 573 3256 sumt
605 3203 653 3249 aut
677 3195 750 3251 enim
793 3193 991 3247 consistere
1021 3195 1106 3248 nasi
1129 3203 1225 3264 aaut,
1255 3199 1359 3252 oecide-

186 3271 336 3326 dicendum
366 3278 427 3325 erat
452 3273 581 3326 ceteris
605 3273 754 3327 Britannis
795 3278 867 3323 rant.
900 3270 1001 3340 Neque
1025 3271 1090 3326 huie
1109 3271 1289 3342 explicationi
1309 3277 1360 3330 ob·

178 3349 413 3417 superiores,
439 3358 488 3403 eut
513 3350 661 3404 omnium
684 3351 753 3404 Bri·
796 3358 851 3402 stat
873 3348 1051 3417 pellabantur
1079 3349 1282 3420 imperfectum.
1327 3353 1359 3407 In

186 3434 335 3481 tonsorum
370 3427 627 3494 sapueieaimi.
677 3431 753 3499 Apte
795 3434 924 3495 promptu
945 3433 987 3479 est
1006 3425 1089 3490 enirn,
1108 3428 1361 3497 verbapaaido—

187 3502 373 3558 Doederlinus
400 3503 520 3557 contulit
548 3504 621 3558 Plin.
652 3505 687 3558 H.
718 3507 751 3561 N.
791 3502 968 3572 pellebantur
988 3503 1066 3572 quasi
1090 3504 1121 3558 in
1141 3505 1300 3576 parenthesi
1320 3507 1361 3561 di·

186 3580 329 3642 XXXIV,
349 3585 373 3636 3.
411 3582 559 3635 Oetraeitis
585 3590 643 3636 toto
668 3583 753 3652 niqra
796 3588 841 3633 ote
863 3579 1056 3634 secundarium
1080 3580 1107 3634 in
1129 3583 1267 3638 sententia
1291 3583 1361 3638 obti-

187 3665 213 3711 et
247 3665 446 3712 ceterarum
480 3660 752 3714 sordidissima.
795 3657 988 3723 nerelooum,
1013 3659 1363 3728 quodfaoileeointelli·

185 3735 312 3792 Maerob.
332 3735 390 3792 Sat
407 3735 467 3799 Vll,
485 3741 509 3793 8.
539 3738 694 3808 Aoppptam
711 3755 754 3792 re·
795 3734 878 3804 gitur,
897 3736 974 3805 qnod
992 3753 1073 3790 sensu
1091 3755 1147 3792 non
1160 3748 1264 3795 mutato
1279 3741 1363 3795 etiam

186 3814 300 3882 pinnum
346 3813 506 3869 aliarum
559 3815 754 3870 ualidissi—
799 3810 894 3866 dicere
921 3812 1024 3868 licebat
1043 3817 1207 3885 panidis-et
1229 3818 1362 3873 inertibus

187 3909 281 3946 mam.
796 3889 858 3944 soto
870 3890 990 3958 opininio
1002 3909 1070 3947 sono
1078 3893 1180 3964 patra.
1208 3895 1363 3951 lamunum

223 3974 247 4025 2.
265 3968 485 4038 penetrantibus]
499 3985 535 4023 so.
547 3969 633 4023 noba.
651 3972 755 4035 Quam·
797 3968 880 4021 modo
893 3969 974 4022 raire
987 3970 1132 4026 offendere
1146 3972 1236 4044 possit
1249 3983 1365 4047 propter

188 4063 272 4117 qnam
290 4046 409 4101 oonoetli
428 4056 524 4118 potest
541 4045 640 4100 Tacito
658 4049 755 4102 obvor-
798 4045 935 4114 pluralem
972 4048 1009 4100 ad
1046 4049 1134 4103 verba
1172 4051 1364 4118 fortr'asimum

188 4132 279 4177 setnm
293 4140 354 4178 sese
373 4123 488 4178 Homeri
511 4124 604 4178 loonm
621 4124 655 4179 Il.
675 4125 755 4190 XXI,
798 4123 926 4192 quodque
967 4124 1076 4179 animal
1116 4128 1242 4186 relatum.
1308 4130 1364 4184 Sed

190 4205 249 4259 tts.
278 4194 366 4256 ’Hire
397 4194 532 4269 πάρδαλις
561 4195 613 4255 εἶσι
643 4208 757 4270 βαθείης
799 4216 967 4270 quemqnam
984 4218 1034 4257 usu
1053 4203 1172 4273 evaluit,
1203 4215 1234 4260 ut
1252 4207 1366 4276 quisque

174 4281 221 4333 'ia
243 4277 369 4348 ξυλόχοιο
387 4275 489 4353 ἀνδρὸς
505 4283 658 4350 θηρητῆρος
675 4278 755 4335 tvso-
798 4280 989 4334 tantummodo
1019 4282 1180 4338 substantivi
1209 4284 1274 4339 loeo
1302 4301 1365 4339 oum

185 4360 266 4423 rior,
303 4358 372 4412 οὐδέ
399 4377 424 4412 u
452 4359 536 4428 θυμῷ
563 4362 660 4437 ταρβεῖ
689 4354 755 4412 οὐδὲ
797 4354 968 4426 superlativo
992 4359 1169 4416 ooniunetnm
1189 4361 1278 4434 (velat
1297 4363 1364 4435 sor·
