3067 4867
510 294 720 357 Ausucum.
757 298 790 356 C.
806 294 886 357 XVI.
912 295 1006 357 XVII.
1300 292 1341 363 79

170 494 257 560 niara
284 491 504 580 temperavit,
541 488 653 576 magui
688 487 809 567 mices,
845 487 971 575 egregii
1002 486 1182 565 exercitus,
1216 486 1341 553 minuta

170 602 313 671 hostium
345 622 431 689 spes.
484 602 529 667 Et
558 610 712 667 terrorem
745 598 854 665 rtatim
885 597 994 665 iumlit
1022 598 1159 665 Petilius
1192 596 1341 675 Cerialis,

170 714 364 799 Brigantum
400 711 584 789 civitatem,
616 714 700 796 quae
734 710 1000 777 numerosissima
1027 707 1213 796 provinciae
1239 708 1341 774 totius

146 823 377 914 aperbibetur,
405 842 590 911 aggressus.
632 820 740 887 Multa
766 820 908 909 proelia,
938 830 972 885 et
999 818 1173 905 aliquando
1201 840 1268 883 nou
1289 816 1340 883 iu·

172 944 322 1011 cruenta3
348 954 565 1019 magnamque
579 930 770 1017 Brigantum
793 940 918 1019 partam
939 938 996 997 aut
1014 930 1149 996 victoria
1171 929 1340 1018 amplexus

146 1056 222 1119 sest
250 1054 307 1113 aut
331 1044 427 1113 bello.
470 1044 515 1109 Et
534 1040 672 1109 Cerialis
701 1040 835 1128 quidem
862 1039 995 1107 alterius
1016 1039 1213 1107 successoris
1233 1037 1342 1105 curam

169 1156 352 1242 famamque
381 1152 543 1221 obruisset
570 1151 679 1216 ’ωε
707 1151 926 1239 sustinuitque
945 1150 1063 1217 molem
1084 1149 1188 1216 Iulius
1209 1149 1341 1215 Fronti-

168 1290 249 1347 nus,
279 1266 326 1333 vir
353 1288 506 1353 magnus,
539 1274 693 1353 quantum
720 1260 854 1343 licebat,
882 1260 1086 1353 validamque
1108 1270 1139 1327 et
1157 1282 1340 1351 pugnacem

168 1472 231 1511 ceras
249 1454 351 1509 dicitur
368 1452 509 1516 Bolanus,
533 1450 581 1522 qui
599 1452 735 1519 recusos·
777 1453 812 1506 de
832 1452 909 1506 Orat
929 1451 956 1516 Ι,
976 1455 1101 1519 25,116.
1137 1453 1186 1507 ltu
1210 1448 1344 1521 quicquid

169 1535 223 1587 dus
240 1539 309 1586 essm
324 1530 449 1585 auaritia
467 1536 493 1583 et
509 1529 647 1596 nautam,
666 1546 734 1598 qua-
777 1536 825 1597 cet,
842 1529 873 1582 ia
890 1547 943 1599 quc
962 1530 1119 1601 efficacibus,
1137 1530 1171 1583 id
1183 1530 1267 1583 dium
1278 1527 1341 1594 ula,

169 1610 203 1664 lis
222 1608 379 1664 Trebellius
398 1606 451 1661 luit
465 1616 537 1662 teste
549 1605 649 1661 Tacito
664 1606 734 1661 Hist.
776 1606 1008 1677 quaelaudanda
1017 1607 1229 1674 suntobruit.
1248 1606 1342 1673 Quare

168 1686 254 1749 Ι,69,
275 1690 327 1741 1.2
777 1702 875 1739 sensus
903 1692 959 1739 est:
989 1684 1158 1740 successoris
1184 1701 1277 1739 curum
1301 1681 1342 1735 fa·

202 1764 292 1818 nullis
320 1761 434 1817 delectis
467 1761 581 1831 ineam]
613 1760 732 1831 Negatio
777 1779 906 1832 mamque
920 1761 1084 1832 obtexisset,
1100 1760 1117 1817 i.
1132 1780 1157 1817 e.
1170 1777 1281 1815 omnem
1295 1776 1342 1813 co·

169 1840 291 1913 pertinet
325 1842 362 1893 ad
392 1838 603 1907 praedicatum
637 1855 735 1893 sensus
776 1838 852 1911 piam
877 1857 970 1895 rerum
998 1842 1171 1909 agendarum
1197 1837 1343 1906 famaeque

170 1917 243 1977 eninr
270 1925 325 1972 est:
349 1917 483 1987 quinon
505 1916 642 1971 invisus
668 1922 737 1969 esset
778 1918 920 1984 parandae
939 1914 979 1969 ita
989 1911 1187 1989 eieripuisset,
1206 1924 1342 1985 utusque

168 1997 237 2051 stilis
259 1995 377 2049 delictas.
421 1993 456 2050 cf.
481 2010 504 2047 c.
528 1998 576 2057 39,
600 1997 623 2049 1.
652 1994 736 2047 Hunc
778 1995 905 2057 haberet,
924 1994 1027 2065 inquo
1049 2010 1143 2049 curam
1160 1998 1342 2046 suamosteu·

168 2091 262 2129 rcrmn
286 2089 410 2139 cursum,
439 2087 607 2140 qrtamqraam
629 2070 734 2125 nulia
780 2073 1125 2140 deret-,nequeetsemam
1139 2076 1342 2141 assequeretur.

167 2151 312 2207 uerborum
330 2147 467 2205 iactantia
485 2178 518 2187 —
536 2156 688 2216 aucium,
699 2176 733 2189 -
778 2147 978 2203 Coniunctivus
990 2151 1094 2220 pendet
1105 2166 1139 2203 ex
1147 2146 1248 2203 omisso
1256 2163 1343 2201 enun-

168 2228 268 2283 ansius
285 2226 396 2296 accepit.
777 2224 854 2281 tinto.
896 2226 1011 2281 Excidit
1038 2226 1111 2281 enim
1138 2226 1166 2280 iu
1184 2223 1341 2295 antiquiore

201 2303 295 2359 XVII.
316 2310 337 2358 t.
361 2302 546 2372 remapmouit]
569 2302 611 2355 lta
623 2300 685 2357 Vat.
704 2306 733 2358 Γ.
777 2302 875 2357 codice
892 2310 968 2357 totus
983 2322 1090 2370 versus,
1109 2303 1186 2358 cuius
1201 2304 1269 2356 baec
1282 2301 1343 2358 fert

167 2386 201 2438 A.
236 2380 329 2449 Vulgo
353 2380 535 2449 rcczbcruuit3
560 2380 595 2435 cf.
623 2397 645 2436 c.
664 2385 688 2443 5,
709 2383 733 2434 4.
780 2379 833 2433 fuit
857 2381 1006 2435 sententia:
1033 2380 1090 2434 arbi
1111 2381 1258 2435 immaturo
1272 2380 1343 2446 sato

168 2460 266 2513 Verbo
290 2460 344 2512 hoc
369 2456 553 2527 significatur:
577 2456 624 2510 ubi
650 2457 736 2526 Vesp.
780 2457 905 2525 obiisset,
924 2458 982 2525 vel,
999 2466 1030 2513 ut
1048 2458 1147 2512 Wexio
1164 2458 1272 2531 placet:
1293 2457 1345 2511 sed

169 2544 318 2590 etceteras
331 2533 439 2605 imperii
452 2535 651 2605 Rompartes,
665 2552 736 2605 quae
779 2535 869 2588 sribito
889 2536 919 2589 in
940 2537 1129 2589 mediocursu
1137 2537 1283 2591 exstinctam
1295 2541 1343 2590 est.

170 2613 245 2670 bello
274 2612 347 2667 civili
371 2611 524 2667 disiunctae
553 2612 681 2676 fuerant,
709 2618 737 2665 et
781 2614 845 2677 Quo
869 2620 996 2683 tempore
1015 2610 1044 2665 id
1061 2614 1165 2667 facturn
1183 2613 1229 2675 sit,
1245 2609 1344 2665 consti·

169 2690 342 2745 Britanniam
360 2706 457 2741 rursm
474 2689 505 2746 in
522 2689 735 2743 unmnrcduuit.
780 2688 821 2743 tui
844 2691 954 2760 nequit;
980 2692 1035 2743 hoc
1060 2698 1152 2744 tamen
1178 2697 1283 2746 certum
1302 2688 1343 2742 vi·

204 2766 301 2835 magni
316 2765 409 2835 duces]
434 2784 471 2821 sc.
497 2764 536 2819 ibi
561 2767 687 2833 fuerunt;
709 2784 733 2823 v.
778 2769 860 2821 detur
885 2766 981 2836 primis
1005 2766 1152 2836 legationis
1174 2766 1252 2822 aunis
1271 2784 1344 2821 mor·

170 2846 206 2898 ad
225 2863 249 2899 c.
269 2850 294 2905 9,
312 2849 335 2899 3.
573 2867 575 2872 ·
778 2852 855 2900 tuum
882 2862 958 2912 esse,
982 2862 1067 2914 quum
1086 2844 1184 2915 ingens
1205 2853 1344 2901 certamen

203 2918 323 2974 Petilius
342 2918 476 2990 Cerialis]
495 2918 668 2975 Britanniam
685 2922 734 2975 ob·
778 2922 919 2991 ingressus
932 2921 1043 2993 quidem
1058 2931 1139 2988 esset,
1154 2925 1205 2979 sed
1218 2924 1343 2978 nondum

167 2996 252 3052 tinuit
276 3016 300 3052 a.
326 3002 367 3053 71.
404 2996 447 3051 De
469 3014 503 3051 eo
522 3015 546 3055 v,
567 3001 602 3051 ati
622 3016 644 3053 c.
665 3004 689 3061 8,
710 3004 733 3055 2.
779 3000 954 3054 confecisset.

202 3080 227 3131 2.
254 3074 344 3127 multa
357 3074 484 3144 mealia]
502 3092 527 3131 v.
547 3076 582 3130 ad
605 3092 627 3132 c.
649 3082 674 3140 9,
693 3081 717 3133 3.
811 3078 992 3147 sustinuitque
1008 3079 1120 3149 molem]
1135 3081 1179 3135 Itu
1190 3081 1342 3137 Vatum

202 3152 369 3221 aliquando]
391 3169 416 3209 u.
437 3153 472 3205 ad
491 3169 515 3207 c.
534 3156 559 3209 a.
579 3159 602 3209 7.
778 3153 873 3223 Vulgo
898 3172 934 3209 ex
958 3155 1106 3210 Puteolani
1129 3157 1283 3213 mutatione
1299 3177 1344 3213 ste·

203 3228 531 3299 autcictoriaampiecus
541 3230 732 3301 estoutbeilo]
777 3233 874 3287 stinuit
897 3250 1034 3303 quoque
1058 3232 1166 3289 molem.
1188 3263 1224 3278 ·-·
1251 3238 1343 3301 Quum

168 3308 185 3361 i.
206 3325 230 3363 e.
248 3314 296 3359 aut
312 3308 414 3360 victam
434 3306 566 3369 obtinuit,
592 3318 640 3360 aut
658 3307 733 3362 bello
777 3310 928 3365 Frontinus
946 3313 973 3366 in
993 3310 1085 3366 media
1098 3310 1214 3367 Cerialis
1227 3312 1343 3370 consilia

167 3378 307 3455 percurrit
325 3390 352 3436 et
372 3384 497 3439 vastavit.
778 3388 914 3443 ferventia
938 3389 1080 3445 coniectus
1105 3388 1198 3445 omnia
1223 3390 1342 3461 periculi

202 3466 226 3515 3.
256 3462 296 3514 Et
313 3460 446 3523 Ceriales]
480 3461 522 3514 lta
553 3462 615 3515 Vat.
642 3466 672 3517 Γ.
700 3466 734 3516 Α.
777 3466 862 3536 plena
891 3474 920 3519 et
948 3485 1047 3537 aspera
1078 3468 1241 3532 invenisset,
1269 3470 1343 3524 haud

167 3538 261 3607 Vulgo
287 3554 321 3591 ex
353 3537 500 3591 Puteolani
531 3538 683 3593 mutatione
710 3548 736 3593 ct
778 3561 866 3613 parva
889 3543 948 3597 eius
968 3545 1029 3599 laus
1048 3554 1099 3613 est,
1117 3545 1238 3617 quadiu
1259 3546 1342 3601 tantis

168 3632 269 3685 quum
292 3614 421 3668 Cerialis.
778 3620 911 3690 angustiis
927 3640 983 3675 non
1000 3622 1159 3690 succubuit,
1178 3624 1228 3677 sed
1247 3622 1343 3679 incon·

203 3691 320 3746 uberius
345 3692 525 3758 successoris]
549 3692 631 3746 Alter
649 3710 734 3763 quum
780 3715 876 3751 cussus
895 3697 924 3751 id
944 3700 1051 3763 effecit,
1069 3708 1100 3752 ut
1118 3700 1238 3755 Romani
1257 3700 1342 3754 detri-

167 3770 212 3833 sit,
231 3769 279 3840 qui
299 3768 416 3840 primum
437 3770 571 3839 sequitur,
589 3770 663 3823 aiter
674 3788 734 3824 suc·
778 3785 901 3829 mentum
914 3792 970 3829 non
986 3777 1157 3847 acciperent.
1177 3778 1239 3832 Hoc
1252 3777 1342 3847 ipsum

166 3864 259 3901 caesor
280 3852 322 3900 est
344 3848 480 3901 semodius
504 3864 523 3900 a
543 3846 662 3916 Ceriali,
686 3849 734 3918 qui
778 3852 871 3907 verbis
889 3853 1059 3909 sustinuit
1084 3856 1184 3909 molem
1205 3855 1342 3924 significa·

166 3925 219 3979 fuit
235 3924 383 3993 Agricola;
409 3924 559 3978 Frontinus
584 3925 656 3979 enim
671 3927 734 3995 pri·
777 3937 835 3997 tur,
863 3948 954 4002 neque
980 3931 1061 3987 aliam
1088 3935 1124 3987 ob
1150 3948 1275 3987 caussam
1297 3933 1344 3986 cis·

165 4020 226 4056 mus
245 4002 344 4056 iuerat.
776 4025 894 4076 magnus
913 4008 1021 4063 dicitur.
1057 4010 1153 4065 Moles
1172 4020 1262 4065 autern
1282 4012 1309 4067 h.
1323 4009 1342 4069 l.

200 4080 471 4147 curomsamamque
484 4079 627 4148 obruisset]
651 4080 732 4143 Quas
776 4082 881 4139 dictum
899 4087 934 4139 de
954 4087 1022 4140 balii
1037 4088 1227 4155 magnitudine
1246 4096 1272 4142 et
1283 4088 1342 4157 dif-

167 4155 646 4226 obruunturaliquare,itamaiore
659 4158 732 4212 mole
769 4162 912 4232 ficultata5
942 4165 978 4217 cf.
1004 4169 1077 4218 ann.
1105 4164 1132 4233 1,
1156 4172 1204 4231 45,
1233 4170 1254 4220 t.
1292 4167 1341 4222 Sic

166 4236 345 4302 obteguntur,
365 4243 395 4287 at
407 4232 530 4304 aspectui
545 4244 732 4306 ereptapror·
775 4240 934 4308 compositu
947 4242 1141 4310 praesentatam
1160 4242 1240 4297 laud
1249 4245 1341 4299 minor

164 4326 211 4365 sus
232 4317 417 4374 evanescant3
445 4312 476 4365 cf
499 4328 522 4367 c.
542 4316 583 4373 46,
603 4316 626 4367 6.
653 4312 732 4366 Mul·
774 4314 884 4369 moles
898 4327 1051 4387 arguerat.
1070 4320 1340 4389 Hist.111,tc,3.n⁷e

164 4394 206 4446 aa
225 4394 346 4445 vanam
362 4416 395 4431 -
414 4388 516 4449 ocrim
537 4390 636 4447 anaia.
674 4388 730 4447 cie.
775 4402 886 4453 mama
911 4396 1024 4456 mon,
1043 4400 1171 4476 aaran,
1191 4400 1340 4482 squas.
