3067 4867
241 422 284 487 66
657 416 840 476 conunnu
861 418 998 476 Tucim

239 593 338 659 vestis
366 605 403 658 ut
430 593 547 659 colono
576 592 734 678 iniungis,
768 604 800 657 et
828 614 940 658 servus
970 594 1126 659 haetenus
1156 602 1269 680 puret3
1303 602 1418 658 uetera

241 704 357 768 domus
384 703 490 769 officia
515 725 598 768 uxor
619 726 656 767 ae
677 702 771 767 liberi
800 714 1028 789 exsequuntur.
1072 703 1253 771 Verborum
1283 720 1443 770 servulus

239 834 278 879 aa
305 813 441 879 vinculis
470 798 504 878 et
536 834 636 899 opere
666 833 814 877 coercere
845 836 970 890 mrum3
1008 813 1156 879 occidere
1187 814 1308 889 solent,
1343 835 1414 877 uon

239 922 412 1011 disciplina
437 934 469 988 et
497 924 681 999 severitate,
711 922 768 987 sed
790 922 913 1008 impetu
936 934 967 987 et
989 923 1052 1001 i‘ra,
1079 934 1115 987 ut
1136 920 1316 1001 inimicum,
1346 923 1417 988 uisi

240 1035 330 1119 quod
361 1034 494 1121 impune
522 1043 579 1099 est.
629 1031 756 1097 Liberti
788 1055 854 1098 non
883 1033 1018 1098 multum
1050 1054 1148 1120 supra
1177 1054 1286 1098 servos
1317 1043 1441 1111 sunt;4

239 1166 311 1209 raro
335 1144 468 1229 aliquod
493 1152 690 1208 momentum
717 1142 749 1205 iu
774 1142 887 1221 domo,
917 1166 1093 1228 numquam
1119 1144 1320 1218 incivitate,
1351 1164 1414 1207 ex-

241 1254 344 1341 eeptis
375 1254 543 1319 dumtaxat
574 1254 613 1318 iis
642 1252 811 1340 gentibus,
845 1274 928 1339 quae
959 1263 1153 1341 regnantum
1187 1254 1233 1319 ibi
1264 1254 1348 1319 enim
1382 1266 1415 1319 et

241 1450 360 1509 praeest,
379 1448 410 1493 at
426 1458 527 1496 nonna
544 1440 658 1495 domino
670 1440 804 1509 pendeat,
880 1440 1036 1512 dismiilina
1061 1449 1087 1495 at
1112 1441 1256 1495 maritate
1281 1441 1346 1511 sto]
1377 1442 1414 1495 m

240 1535 313 1587 quus
331 1517 467 1574 sententis
485 1517 634 1571 adiuvatur
655 1534 721 1571 suas
739 1533 803 1587 pro·
846 1519 916 1571 haec
936 1528 964 1572 et
982 1518 1129 1588 sequentis
1149 1536 1197 1589 per
1218 1516 1248 1571 ἓν
1264 1519 1311 1572 διὰ
1329 1520 1414 1572 δυοῖν

241 1594 352 1648 nomine
370 1614 431 1648 oum
451 1594 478 1647 vi
496 1591 656 1665 praemisso,
847 1594 922 1648 dieta
935 1604 998 1648 sunt
1011 1614 1062 1665 pro
1076 1594 1245 1665 disciplinae
1256 1596 1413 1664 amaritate,

276 1678 301 1729 2.
319 1673 410 1743 wetti]
436 1673 519 1727 Haud
544 1671 627 1726 dubie
645 1670 804 1739 iutelligen·
848 1680 878 1726 ut
896 1682 938 1726 ast
955 1672 1027 1726 Hist.
1041 1673 1063 1736 Ι,
1083 1678 1124 1740 51,
1138 1678 1161 1729 2.
1174 1683 1202 1726 et
1214 1673 1318 1742 impetu
1337 1674 1412 1727 irae.

241 1753 307 1804 dum
324 1750 416 1804 taatila
434 1750 554 1818 linwm
574 1767 601 1805 v.
621 1750 690 1802 nde
720 1753 760 1813 17,
780 1751 804 1801 3.
846 1778 879 1789 -
899 1749 1062 1819 Disciplina
1083 1758 1126 1803 est
1144 1750 1215 1805 ustio
1240 1768 1348 1803 morum
1368 1768 1414 1803 re·

274 1836 303 1880 at
321 1826 430 1896 colono]
450 1844 488 1881 so.
505 1828 633 1881 Romano
657 1824 701 1879 vel
722 1824 804 1888 Italo,
847 1828 1002 1894 gendarum
1012 1826 1098 1895 inagis
1109 1826 1309 1882 eonsuetudine
1318 1836 1347 1881 et
1361 1846 1413 1882 usu

241 1904 288 1976 qui
316 1921 415 1973 agrum
441 1921 458 1957 a
485 1920 644 1974 possessore
671 1900 805 1957 eonduoit
847 1904 1007 1957 eoufirmntu
1027 1922 1109 1973 quam
1128 1904 1233 1975 legibus
1255 1904 1389 1959 instituta.

240 1983 403 2049 colendum,
430 1999 590 2052 pronoque
615 1988 721 2034 eertum
741 1996 804 2049 pre·
879 1990 911 2036 at
941 1982 1089 2051 inimicam]
1122 1982 1139 2037 i.
1167 2000 1192 2039 s.
1222 1991 1253 2035 ut
1283 1983 1413 2051 quemvis

172 2099 175 2105 .
241 2059 310 2113 tium
328 2058 432 2129 pendit.
847 2059 940 2121 alium,
959 2059 1007 2128 qui
1026 2059 1152 2113 inimicus
1172 2060 1214 2114 sit.

275 2138 406 2189 lacteam
424 2134 519 2205 parat]
543 2134 560 2188 i.
585 2152 608 2191 e.
632 2134 673 2187 ita
698 2141 804 2187 tantum
880 2136 937 2189 uisi
959 2136 1119 2206 quasiste]
1145 2137 1162 2192 i.
1181 2155 1206 2190 e.
1230 2138 1283 2190 hou
1303 2142 1412 2189 tantum

242 2214 349 2279 (Germ.
366 2230 420 2264 aar
438 2212 470 2265 in
482 2211 587 2278 soweit)
609 2212 722 2264 domim
740 2212 804 2279 offi-
847 2212 1013 2275 discrimine,
1032 2217 1107 2282 quod
1124 2213 1261 2267 inimicum
1281 2211 1412 2267 occidere

240 2290 312 2343 dam
326 2296 463 2358 praestat,
480 2305 519 2341 se.
535 2288 804 2355 quatenusirumen·
847 2309 904 2344 non
922 2290 1034 2360 impune
1056 2298 1110 2354 est,
1132 2300 1161 2344 at
1183 2309 1280 2345 servus
1298 2290 1412 2360 impune
1511 2348 1512 2361 ἶ

240 2375 297 2421 tum
311 2377 363 2420 etc.
376 2366 500 2437 praebet.
530 2364 805 2432 Aliooftieiuquse
847 2367 992 2423 occiditur.
1511 2364 1512 2387 ¹

241 2462 297 2498 non
321 2445 418 2497 danda
441 2443 558 2506 tributo,
585 2445 635 2496 sed
662 2442 805 2495 laboribus
881 2451 905 2501 4.
924 2444 1044 2515 aliquod
1059 2445 1232 2514 morientum]
1252 2462 1292 2499 se.
1311 2446 1413 2499 halant

241 2521 375 2576 obeundis
384 2528 582 2582 onustant‚non
592 2528 805 2588 praestut3nam
847 2523 892 2576 vel
912 2523 1045 2589 faciant,
1066 2542 1097 2571 z:
1119 2521 1231 2591 aliquid
1251 2522 1352 2575 valant.
1378 2552 1411 2563 -

240 2615 313 2670 quus
337 2600 429 2651 adhue
452 2597 586 2666 praestari
613 2604 743 2667 possunt,
771 2612 805 2648 sa
847 2600 890 2653 De
903 2599 987 2653 nimia
1003 2598 1165 2654 libertorum
1178 2601 1252 2668 apud
1266 2599 1411 2653 Romanos

241 2674 346 2729 domini
362 2693 435 2728 uxor
452 2688 485 2727 aa
505 2673 586 2728 liberi
604 2679 804 2743 exsequuntur.
847 2676 972 2747 potentia
992 2676 1028 2729 a'f.
1050 2677 1123 2729 Anu.
1143 2675 1222 2742 XIV,
1240 2681 1282 2740 39,
1303 2680 1327 2731 2.

240 2784 274 2795 -
294 2753 338 2807 De
355 2753 487 2806 lsaatenae
512 2768 580 2805 roes
604 2770 630 2805 v.
655 2754 691 2805 ad
709 2749 804 2820 Agris.
881 2754 1126 2823 quaeroquantar]
1147 2752 1164 2805 i.
1178 2769 1201 2809 s.
1215 2752 1317 2822 quibus
1330 2768 1411 2821 reges

242 2848 265 2885 e.
286 2836 326 2898 10,
344 2837 369 2885 5.
846 2838 992 2899 praesuut3
1007 2831 1041 2885 ei.
1055 2847 1078 2885 a.
1092 2836 1134 2893 43,
1149 2836 1173 2885 6.
1202 2832 1295 2883 Trans
1306 2830 1411 2898 Lyaios
1509 2822 1510 2837 ¹

274 2916 366 2961 astera
389 2907 488 2960 damas
514 2904 622 2974 officia]
649 2903 666 2957 i.
688 2919 712 2956 θ.
742 2902 805 2955 alla
849 2907 1163 2975 (tattone-oromatum.
1192 2906 1264 2961 Hist.
1284 2908 1305 2972 1,
1328 2912 1368 2971 16,
1387 2913 1410 2963 6.

241 2985 337 3039 Omm'ff
371 2983 487 3051 Osflm'ss,
522 2998 612 3050 eaque
644 2979 804 3034 domentiae.
846 2986 943 3053 Neque
962 2984 1109 3052 animilia,
1128 2986 1315 3053 intuentibus,
1339 3002 1411 3054 auae

241 3064 322 3128 Quas
353 3076 520 3131 quamquam
553 3058 663 3110 divom
693 3064 757 3108 sunt
788 3072 805 3107 a
846 3069 1058 3129 renuuntur,
1079 3071 1156 3115 carta
1168 3062 1344 3116 dominarum
1361 3062 1411 3115 do-

240 3140 390 3211 psndendo
410 3139 566 3197 frumento,
586 3150 698 3204 pecore,
716 3142 804 3196 veste,
847 3156 921 3205 mm,
942 3138 1169 3192 annotarim-122¹.

240 3226 333 3271 tamen
358 3233 410 3287 per
433 3222 524 3267 catara
552 3223 650 3265 vocem
672 3222 805 3278 tunquam
880 3215 1001 3283 impares
1025 3215 1160 3284 libertini]
1189 3214 1209 3269 i.
1227 3232 1252 3269 e.
1274 3215 1411 3282 iuferiora
1507 3280 1508 3291 γ

239 3301 333 3365 partas
359 3290 454 3359 generi
480 3290 562 3344 latius
586 3286 692 3358 patenti
718 3288 806 3352 (velut
847 3292 1004 3345 conditione
1026 3300 1145 3361 mantas,
1170 3310 1209 3345 so.
1230 3310 1312 3361 quam
1332 3292 1410 3361 inge·

242 3364 805 3436 Germnetouanoalsubiieiunur.Haud
848 3369 903 3423 uui.
925 3398 956 3409 -—
981 3370 1139 3423 Libertinos
1163 3370 1208 3423 hic
1231 3369 1314 3430 dicit.
1340 3387 1409 3439 quos

240 3448 402 3517 infrequens
420 3456 462 3499 est
479 3444 525 3498 hie
542 3460 606 3497 usus
626 3444 701 3513 apud
719 3441 805 3496 Grue-
846 3446 929 3499 modo
959 3446 1067 3499 dixerat
1098 3446 1227 3512 libertam
1261 3456 1408 3517 utrumque

241 3542 289 3581 aas
306 3524 335 3578 in
355 3541 425 3577 voce
441 3520 531 3590 silias,
550 3522 624 3589 apud
643 3518 757 3573 Latinus
776 3518 804 3571 in
846 3520 967 3593 propris.
999 3522 1107 3577 Liberti
1123 3524 1196 3578 enim
1214 3532 1350 3579 nouantur
1366 3542 1409 3578 re·

240 3618 311 3657 vous
328 3602 449 3654 aliaest
466 3599 564 3664 cattis-i,⁸
582 3616 608 3650 v.
625 3599 660 3650 ad
679 3596 746 3649 Sall.
759 3596 805 3650 Fr.
847 3607 944 3669 speetu
957 3600 1133 3653 dominamini
1144 3619 1266 3665 suorum,
1279 3619 1296 3654 a
1309 3601 1409 3671 quibus

239 3682 311 3735 Hist.
331 3677 360 3739 Ι,
381 3683 420 3733 10.
438 3696 466 3747 p.
488 3682 527 3731 12.
555 3675 645 3729 Tacit.
666 3672 737 3727 Hist.
754 3673 804 3737 IV,
847 3677 1004 3731 manumissi
1024 3684 1101 3741 sunt3
1123 3678 1248 3732 libertini
1267 3678 1349 3732 iidem
1370 3678 1409 3732 di·

241 3764 284 3821 56,
303 3762 326 3812 2.
352 3748 468 3822 leuans
486 3762 590 3807 tantam
608 3751 748 3819 lanionum
761 3752 805 3804 in·
848 3764 949 3808 cuntur
960 3762 1088 3823 respectu
1096 3756 1269 3811 condicionis
1280 3764 1409 3824 mutatae,

241 3833 374 3901 lassatis,
393 3840 544 3886 aeteram
562 3830 688 3896 aulana
707 3858 737 3867 —
751 3830 806 3895 fa·
848 3831 999 3900 siquidem,
1027 3831 1074 3900 qui
1099 3850 1153 3886 non
1177 3834 1291 3905 ingenui
1308 3844 1410 3897 essent,

240 3912 294 3966 aila
317 3926 509 3974 accessuram,
534 3906 552 3962 i.
573 3924 597 3959 e.
621 3915 740 3968 cataros,
766 3924 804 3962 su.
848 3919 940 3964 tamen
965 3908 1178 3964 manumissione
1207 3929 1262 3964 non
1292 3911 1409 3980 amplius

241 3990 341 4058 uulgus
360 3986 486 4040 militum.
504 4015 537 4025 -
555 3986 678 4051 Damas,
698 4000 734 4039 se.
755 3986 806 4038 do·
848 3996 942 4041 essent
960 3986 1040 4041 servi.

241 4064 324 4125 mini,
348 4064 417 4117 heri.
453 4062 564 4117 Pariter
580 4079 652 4115 naor
670 4078 705 4115 aa
724 4061 808 4116 libari
884 4062 1031 4133 libertatis]
1057 4078 1093 4117 su
1112 4080 1167 4131 qus
1186 4063 1284 4118 civitas
1301 4064 1409 4119 fruitur.

241 4140 417 4212 intelligendi
432 4156 495 4194 sum
514 4140 630 4203 damini,
647 4139 804 4206 nonssrvi3
882 4138 989 4195 XXVI.
1014 4146 1036 4194 l.
1071 4140 1164 4194 Fenus
1191 4142 1311 4211 agitare]
1337 4142 1355 4196 i.
1384 4161 1407 4197 s.

242 4221 279 4276 ef.
300 4237 323 4275 e.
343 4225 384 4281 15,
407 4224 430 4273 2.
840 4220 931 4285 fanus
955 4234 1079 4271 anaema
1103 4242 1136 4262 =
1155 4219 1293 4287 pecunias
1308 4221 1412 4287 sanari

276 4303 300 4353 3.
331 4295 427 4366 opere]
455 4293 625 4361 Prnegnsnti
652 4306 735 4347 sensu
764 4302 806 4347 est
848 4296 928 4349 dara.

242 4390 326 4445 opero
353 4370 518 4440 manuario
549 4377 575 4422 at
603 4370 806 4439 mamurtina,
882 4372 913 4424 in
923 4388 1024 4425 usuras
1038 4372 1191 4441 intendere]
1209 4372 1262 4428 is.
1276 4374 1411 4427 samaria

243 4469 299 4523 quo
312 4446 460 4505 melisei-vi
476 4445 637 4519 improbitas
650 4446 804 4515 inungatur.
846 4466 945 4503 masas
966 4450 1056 4516 sonas
1084 4466 1194 4520 capara.
1239 4448 1273 4505 Id
1302 4451 1410 4507 duobus
