3067 4867
341 307 391 361 oa
409 303 539 360 raorar
558 302 728 361 scarrrrs
749 304 800 359 nr
823 284 1337 371 cresanciacum

169 492 305 559 nitatem
333 474 495 579 quandam
521 472 675 592 habeant3
706 514 813 578 neque
847 472 975 579 poetica
1003 516 1069 557 non
1098 491 1250 569 adhibet,
1283 493 1339 559 ulii

169 605 250 669 tales
277 626 332 669 rea
360 588 488 683 narrat,
521 626 605 690 quae
630 605 680 669 vel
709 604 879 669 atrocitate
901 624 959 667 sua
979 604 1029 669 vel
1051 584 1274 689 magnitudine
1298 604 1339 668 ad

157 696 314 779 'animum
335 715 603 780 commovendum
625 694 831 802 comparatae
853 724 937 778 sunt.
915 715 1034 781 tms
1050 713 1205 779 orationis
1221 718 1338 793 autem,

171 848 269 911 quam
290 824 325 889 in
346 824 463 890 Tacito
487 822 698 901 admiramur,
727 847 793 889 non
824 822 901 888 solis
922 823 1028 888 verbis
1050 826 1249 901 continetur,
1280 826 1339 889 se'd

171 958 210 1001 eo
233 936 372 1001 maxime
394 942 521 1001 constat
530 935 657 1022 ,quod
679 933 793 1013 verba,
817 934 934 1019 quibus
954 934 1070 1011 utitur,
1098 916 1236 1019 ubique
1242 934 1339 1034 rebus

170 1047 380 1133 respondent,
404 1045 475 1109 ab
467 1065 604 1134 ipsaque
625 1045 759 1110 veritate
779 1045 933 1110 roburt
901 1055 997 1130 atque
1019 1046 1158 1133 pondus
1166 1045 1339 1142 accipiunt.

156 1155 290 1221 'Nullus
311 1157 414 1241 igitur
435 1155 521 1243 apud
545 1176 617 1220 eum
639 1156 810 1221 verborum
830 1137 938 1232 lusus,
961 1155 1068 1220 nullae
1091 1154 1249 1241 argutiae,
1274 1176 1338 1239 quo

171 1286 290 1352 genere
318 1274 490 1352 argenteae
520 1265 634 1329 aetatis
667 1266 842 1353 scriptores
868 1264 952 1329 baud
989 1272 1103 1355 param
1133 1264 1340 1368 delectantur,

171 1376 259 1440 nulla
283 1376 451 1461 denique
442 1377 565 1462 rngenii
579 1375 763 1453 ostentatio,
788 1374 828 1439 ab
844 1376 984 1472 iisdem'
974 1388 1020 1439 rta
1035 1375 1190 1460 quaesita,
1211 1385 1248 1438 ut
1262 1354 1339 1439 ean·

172 1486 246 1551 dem
276 1484 466 1551 sententiam
493 1486 638 1573 pluribus
667 1486 774 1551 modis
795 1486 962 1551 variarent.
942 1486 1157 1551 tNativam
1182 1466 1287 1549 autem
1310 1495 1341 1549 et

171 1606 288 1662 ornatu
314 1603 474 1661 carentem
499 1596 758 1684 simplicitatem,
788 1617 885 1681 quam
915 1598 947 1660 in
968 1596 1108 1662 Caesare
1136 1596 1339 1673 admiramur,

171 1718 363 1794 aspamatus
390 1729 427 1771 ac
450 1706 679 1772 sublimitatem
702 1684 811 1794 potius
832 1706 989 1771 orationis
1012 1719 1141 1771 secutus
1165 1706 1286 1793 pariter
1304 1717 1342 1770 ut

171 1818 324 1903 aequales
347 1798 380 1882 in
409 1818 605 1904 metaphoris
637 1830 668 1882 et
697 1817 864 1882 verborum
893 1816 1156 1881 translationibus
1187 1816 1342 1881 audacior

172 1938 236 2005 est,
266 1927 432 2012 multaque
459 1926 491 1991 in
522 1927 585 1992 boc
614 1948 732 2012 genere
762 1928 823 1992 sibi
854 1918 1017 2014 indulget,
1051 1948 1134 2012 quae
1156 1950 1175 1991 a
1196 1928 1340 2014 priorum

171 2037 366 2124 scriptorum
390 2037 625 2102 consuetudine
651 2038 813 2103 recedunt.
856 2038 932 2103 Non
961 2038 1067 2101 minus
1090 2037 1130 2104 ab
1151 2036 1215 2102 illis
1235 2037 1342 2102 differt

171 2170 229 2225 eo,
260 2146 350 2233 quod
378 2146 564 2233 frequenter
592 2146 750 2213 vocabula
779 2149 969 2235 praegnanti
1000 2170 1097 2212 sensu
1117 2159 1268 2235 usurpat,
1294 2133 1365 2211 ita*
1451 2158 1454 2161 ’

170 2258 211 2323 iis
240 2278 336 2335 usus,
364 2269 400 2322 ut
430 2279 495 2322 non
524 2258 621 2321 nuda·
638 2266 800 2345 potestate
822 2282 881 2323 sua
901 2258 1136 2345 intelligantur,
1167 2258 1224 2322 sed
1246 2256 1341 2322 simul

171 2367 358 2433 attributum
381 2366 523 2453 aliquod,
547 2390 611 2454 quo
632 2366 688 2432 illa
710 2368 890 2447 deliniatur,
912 2368 1099 2433 adiunctum
1120 2368 1280 2454 cogitetur
1302 2390 1340 2433 ex

172 2478 328 2563 cuiusque
358 2478 421 2542 loci
443 2501 530 2543 nexu
553 2476 744 2555 eruendum,
776 2501 857 2564 quae
879 2478 960 2545 ratio
984 2478 1131 2567 apprime
1154 2478 1342 2575 comparata

172 2599 220 2653 est
245 2588 286 2652 ad
313 2587 500 2672 gravitatem
525 2599 556 2651 et
576 2589 641 2651 vim
664 2588 800 2653 orationi
822 2587 1080 2676 comparandam.
1114 2586 1157 2652 ln
1179 2612 1342 2673 gramma-

173 2698 237 2763 tica
258 2708 366 2763 autem
387 2698 489 2762 forma
515 2698 750 2763 enuntiatorum
772 2700 972 2764 instituenda
990 2700 1024 2763 id
1050 2697 1148 2763 habet
1166 2699 1341 2763 admodum

173 2828 288 2896 saepe,
317 2822 353 2871 ut
383 2808 566 2875 adverbiale
598 2808 801 2886 attributum,
835 2810 862 2873 ai
885 2810 1038 2874 maiorem
1059 2809 1220 2894 quandam
1243 2808 1343 2874 habet

171 2920 253 2995 vim,
284 2916 464 2982 subiectum
491 2918 585 2983 faciat
619 2921 793 2998 enuntiati,
826 2919 922 2985 rebus
949 2929 1102 3005 tanquam
1131 2941 1342 3006 personarum

172 3038 320 3093 naturam
346 3027 531 3093 attribuens.
576 3030 677 3111 Quod
706 3041 741 3095 ut
770 3053 835 3094 non
863 3031 1009 3107 novavit,
1038 3030 1096 3095 sed
1118 3029 1341 3095 tantummodo

173 3138 355 3225 ampliavit,
382 3162 456 3202 nam
480 3139 566 3224 apud
590 3139 714 3228 priores
741 3163 872 3226 quoque
895 3140 970 3205 talia
991 3140 1211 3216 inveniuntur,
1245 3140 1290 3203 ita
1309 3140 1341 3203 in

173 3248 374 3335 singulorum
412 3248 642 3314 vocabulorum
681 3250 978 3315 constructionibus
1011 3252 1111 3316 multa
1147 3273 1244 3315 ausus
1283 3260 1341 3326 est,

174 3380 274 3443 quae,
298 3382 397 3444 quum
420 3381 438 3421 a
461 3359 589 3423 dicendi
614 3360 850 3425 consuetudine
872 3383 988 3425 aureae
1011 3361 1125 3426 aetatis
1149 3362 1343 3451 discrepent,

174 3468 252 3531 dura
264 3478 361 3553 atque
377 3468 503 3532 insolita
522 3466 679 3545 videntur,
696 3493 890 3557 quamquam
906 3472 1013 3536 omnia
1025 3472 1176 3558 analogia
1187 3470 1342 3547 nituntur,

173 3577 1342 3673 nequequiequamitadictumest,utlinguaelatinaeingeniorepugnet.

257 3688 319 3753 His
350 3710 445 3773 quam
476 3689 663 3755 brevissime
692 3692 733 3756 de
760 3690 943 3779 potioribus
970 3692 1079 3757 Taciti
1113 3688 1241 3757 dicendi
1265 3713 1342 3780 pro-

171 3796 362 3883 prietatibus
393 3798 583 3884 significatis
614 3801 717 3886 magis
742 3826 839 3886 quam
863 3800 1021 3891 expositis
1043 3802 1141 3868 verbo
1165 3804 1270 3868 adbuc
1293 3778 1343 3867 ‹ti-⁴

172 3908 310 3971 cendum
335 3920 383 3973 est
406 3908 447 3974 de
469 3910 508 3974 iis
534 3910 684 4003 dictionis
707 3912 862 3979 Taciteae
885 3912 1043 4003 partibus,
1067 3936 1148 3999 quas
1164 3911 1344 3981 inritatione

173 4037 211 4080 ex
235 4017 398 4103 prioribus
420 4020 813 4113 scriptoribusimprimis
837 4046 875 4087 ex
898 4022 1055 4092 Sallustio
1077 4036 1106 4089 et
1123 4025 1262 4111 Virgilio
1287 4050 1343 4091 ex-

171 4149 301 4214 pressas
326 4147 398 4194 esse
421 4131 610 4219 pervulgata
633 4145 809 4219 estusque
833 4135 911 4200 satis
927 4127 1086 4221 explicata
1104 4133 1224 4222 opinio.
1259 4134 1343 4201 Nam

172 4260 270 4323 quum
302 4238 389 4303 haud
423 4242 519 4327 pauci
549 4242 582 4306 in
607 4241 713 4308 Taciti
738 4242 866 4331 scriptis
888 4244 952 4310 loci
972 4246 1187 4333 reperiantur,
1216 4246 1270 4331 qui
1290 4246 1343 4311 vel

170 4344 277 4414 verbis
306 4350 356 4415 vel
386 4352 553 4418 sententiis
576 4353 668 4418 valde
691 4354 812 4422 similes
835 4356 900 4423 siut
922 4353 1069 4445 Virgilii,
1093 4354 1257 4435 Sallustii,
1287 4360 1343 4424 aut

222 4464 322 4507 racrr.
341 4468 444 4511 asaro.
1114 4459 1135 4527 2
