3067 4867
209 348 251 417 52
627 294 811 407 aduttum
831 348 961 407 Tncm

294 522 390 589 XVI.
434 522 548 587 Nullas
577 523 815 589 Germanorum
847 523 979 611 populis
1006 523 1104 590 urbes
1133 522 1271 591 habitari
1300 523 1379 589 satis

210 643 323 699 notum
348 644 411 709 est,
441 656 482 697 ne
511 634 578 719 pati
607 634 738 721 quidem
769 635 854 701 inter
882 656 918 699 se
945 634 1072 709 iunctas
1102 634 1207 700 sedes.
1258 633 1380 700 Colunt

212 744 343 809 discreti
372 765 409 807 ac
439 743 582 822 diversi,
608 754 644 809 ut
671 744 762 821 lons,
795 754 832 808 ut
860 766 1007 831 campus,
1040 755 1076 809 ut
1104 764 1217 809 nemus
1245 744 1379 832 placuit.

210 854 312 919 Vioos
328 854 437 919 locent
457 878 523 919 nou
545 854 579 918 in
600 864 744 919 nostrum
766 876 889 921 morem
909 856 1064 921 connexis
1083 863 1115 919 et
1132 853 1406 940 cohaerentibust

212 964 385 1041 aedificiis3
418 986 508 1029 suam
533 967 672 1051 quisque
700 964 831 1029 domum
860 965 966 1046 spatio
996 965 1190 1047 circumdat,
1212 967 1294 1036 ,sive
1321 965 1380 1029 ad·

210 1094 322 1139 versus
352 1096 446 1138 casus
475 1075 562 1159 ignis
592 1074 784 1153 remedium,
820 1074 889 1140 sive
920 1074 1048 1139 inscitia
1076 1074 1277 1141 aedificandi.
1329 1075 1381 1141 Ne

212 1194 451 1249 caementorum
474 1185 605 1268 quidem
628 1185 717 1269 apud
740 1184 813 1249 illos
835 1196 890 1249 aut
916 1185 1096 1269 tegularum
1124 1208 1233 1265 usum⁴
1249 1187 1383 1250 materia

212 1294 255 1357 ad
278 1294 386 1358 omnia
412 1303 546 1360 utuntur
571 1294 701 1359 informi
728 1305 759 1360 et
781 1294 861 1361 citra
883 1295 1026 1380 speciem
1047 1306 1102 1360 eut
1123 1296 1381 1362 delectationem.

213 1403 383 1486 Quaedam
406 1404 479 1469 loca
501 1404 688 1490 diligentius
709 1404 840 1469 illinunt
860 1415 943 1469 terra
964 1406 1010 1468 ita
1025 1428 1107 1492 pura
1126 1428 1163 1470 ac
1180 1405 1409 1491 splendentes

213 1608 392 1677 ceptionibuc.
418 1607 514 1679 Agric.
533 1625 555 1663 o.
578 1613 619 1672 16,
638 1613 663 1663 4,
689 1606 777 1659 Didi·
818 1624 848 1661 se
860 1606 972 1662 remotis
992 1606 1073 1677 locis3
1093 1608 1128 1663 cf.
1141 1608 1213 1663 Ano.
1225 1604 1288 1667 XV,
1301 1613 1344 1671 56,
1361 1614 1383 1663 l.

212 1701 273 1738 aare
296 1686 365 1738 iam
385 1686 503 1739 barbam'
517 1702 624 1754 qaoque
635 1685 777 1751 innascere
819 1684 937 1737 Diuersi
951 1685 1166 1753 interropaatur.
1185 1692 1213 1740 et
1225 1703 1252 1741 v.
1266 1686 1302 1739 ad
1314 1684 1383 1739 Sall.

211 1762 557 1815 vitimhlmtdieattlme.-
571 1762 777 1815 DeGermeuo·
819 1760 879 1829 Ing.
909 1778 931 1815 o.
959 1767 1005 1826 12,
1029 1768 1053 1819 5.
1072 1792 1105 1801 —
1125 1761 1230 1817 Causea
1256 1761 1315 1815 eius
1339 1760 1382 1813 rei

212 1857 271 1892 rum
291 1838 426 1908 pecuniae
442 1839 572 1909 cupidine
593 1840 628 1892 of.
644 1837 713 1892 Hist.
727 1838 777 1901 IV,
819 1837 941 1892 maxime
964 1838 993 1891 iu
1017 1838 1153 1892 libertatis
1178 1838 1270 1893 studio
1296 1855 1383 1908 quae·

156 1916 162 1937 ¹
214 1921 261 1977 tt,
285 1921 309 1971 3.
344 1917 498 1969 Pecuniam
521 1934 555 1969 ac
578 1918 670 1978 dana,
698 1915 778 1983 quia
819 1916 915 1975 rende,
933 1916 1159 1984 quachrmani
1180 1916 1207 1971 in
1224 1933 1258 1969 so
1277 1922 1382 1969 tautum

212 1993 302 2045 solie
319 2001 589 2062 corrumpantur
607 1992 778 2060 (Germane),
819 1994 970 2061 ponebant,
989 2000 1018 2046 ut
1037 2010 1117 2047 nemo
1136 1994 1255 2047 alterum
1273 2001 1385 2047 curaret

212 2070 325 2124 maiora
349 2071 429 2139 apud
449 2072 594 2123 Romanos
618 2074 668 2135 (sc.
693 2085 777 2138 quam
820 2084 853 2122 ae
870 2068 1030 2139 respiceret.

213 2149 289 2216 apud
312 2147 455 2211 Batavos).
487 2148 521 2200 cf.
549 2146 631 2200 etiam
658 2144 731 2199 infra
754 2162 778 2199 c.
855 2151 878 2199 2.
897 2147 982 2215 vicos]
1002 2165 1027 2199 v.
1048 2148 1084 2201 ad
1104 2164 1126 2201 c.
1146 2151 1185 2211 12,
1204 2152 1229 2201 4.

213 2229 256 2290 42,
268 2228 292 2279 3.
321 2224 370 2278 Via
387 2232 413 2277 et
424 2224 552 2293 potentia
564 2223 674 2290 rapidae
688 2222 778 2291 (Mar-
853 2224 955 2293 spatio]
987 2224 1004 2277 i.
1035 2240 1058 2278 e.
1095 2222 1262 2294 praegnanti
1299 2240 1385 2277 sensu

214 2303 424 2368 comannorum)
462 2318 495 2353 ea
525 2300 692 2353 auctoritate
720 2301 778 2353 Ro·
820 2308 945 2370 operto
963 2301 1065 2370 spatio.

213 2395 314 2447 mamm·
332 2396 402 2432 raro
421 2378 509 2431 armis
528 2378 647 2440 caetris,
665 2376 779 2445 saepiae
853 2379 1019 2448 remedium]
1041 2376 1220 2432 Accusativus
1233 2377 1385 2447 oppositio·

209 2455 334 2523 pecunia
352 2456 490 2507 iuvantur.
699 2461 701 2463 ’
821 2455 872 2521 nis,
885 2471 958 2524 quae
973 2457 1008 2509 ad
1020 2462 1109 2511 totum
1120 2453 1292 2509 enuntiatum
1305 2471 1386 2523 prae·

249 2530 327 2585 xvt.
355 2537 376 2586 1.
402 2532 497 2585 nullas
517 2559 553 2572 -
574 2531 664 2598 arbee]
694 2532 779 2583 Urbes
822 2535 923 2586 cedens
941 2532 1070 2602 pertinet,
1090 2530 1282 2587 consiliumne
1300 2531 1387 2584 finem

215 2624 299 2678 quum
309 2607 424 2662 Tacitus
436 2607 581 2662 Germanis
592 2607 779 2676 missenegat,
821 2608 941 2679 indicat3
968 2627 1055 2680 quere
1076 2626 1172 2663 sensus
1190 2614 1245 2663 est:
1273 2608 1331 2662 sive
1356 2616 1388 2661 ut

213 2685 283 2741 tetes
295 2684 432 2756 intelligit,
445 2688 543 2755 quales
554 2684 681 2750 inItalis‚
692 2686 779 2738 Grae·
820 2687 857 2739 sit
876 2687 1035 2743 remedium.
1065 2687 1100 2742 cf.
1120 2686 1193 2741 infra
1211 2686 1234 2751 ξ.
1253 2690 1279 2740 3.
1300 2686 1387 2755 suffu-

215 2762 273 2827 oie,
311 2765 468 2834 ceterisque
500 2761 664 2816 cultioribus
698 2762 779 2815 terris
820 2764 896 2832 pium
914 2764 1005 2817 hiemi.

215 2848 310 2905 erant,
338 2840 618 2907 mammotrectus,
645 2856 677 2893 ac
702 2839 779 2903 vicis,
856 2839 1066 2908 caementorum]
1095 2839 1111 2894 l.
1131 2856 1154 2893 e.
1183 2855 1328 2895 caesorum
1345 2838 1386 2893 le-

215 2916 292 2986 foris,
311 2916 431 2987 templis,
446 2914 608 2987 porticibus,
628 2916 690 2970 aliis
703 2916 779 2971 aedi·
821 2916 926 2987 pidum.

215 2993 396 3049 litationibus·
427 2992 582 3048 instructas.
630 2995 701 3048 Nam
733 2994 779 3048 hio
855 2994 987 3063 informe]
1004 2992 1388 3049 ienullaarteelaborata

216 3071 273 3125 illic
303 3070 330 3124 in
355 3069 506 3125 Germania
536 3074 670 3141 quosdam
701 3072 778 3125 locos
822 3087 856 3126 ac
870 3074 1001 3142 perfecta
1020 3070 1068 3137 (cl.
1090 3076 1132 3138 45,
1152 3072 1207 3138 3.),
1225 3071 1302 3139 quod
1320 3068 1388 3125 nt

215 3148 301 3203 fuisse
333 3148 494 3220 vulgaribus
523 3147 592 3200 vicis
621 3148 779 3218 ampliores,
822 3156 879 3203 est:
902 3166 958 3203 noa
977 3148 1112 3202 dedolata
1133 3154 1184 3200 aut
1200 3148 1242 3201 ad
1259 3146 1388 3215 rapulam

215 3226 263 3296 qui
282 3226 391 3280 urbium
412 3227 552 3295 quondam
571 3224 778 3279 similitudinem
822 3233 928 3279 euecta.
982 3225 1025 3279 De
1061 3225 1263 3278 Germanorum
1300 3226 1386 3278 modo

214 3304 370 3367 referrent,
396 3301 441 3356 vix
472 3302 592 3355 dubitari
624 3311 730 3372 potest,
756 3302 779 3355 si
822 3303 987 3357 aedificandi
1001 3302 1100 3355 eadem
1111 3300 1197 3355 tradit
1209 3300 1388 3356 Herodianus

215 3380 305 3452 ipsum
322 3380 451 3434 Tacitum
469 3389 611 3433 auctorem
630 3379 779 3450 sequimur,
823 3380 887 3445 VH,
905 3384 929 3444 2,
949 3385 971 3434 3.
999 3377 1097 3453 'Edp'oo
1116 3396 1144 3431 τε
1162 3375 1213 3433 οὖν
1232 3377 1388 3445 (scMaxi-

215 3458 321 3529 quippe
348 3457 396 3527 qui
420 3455 493 3510 Ano.
519 3457 547 3519 I,
574 3462 620 3524 56,
640 3463 663 3512 4.
689 3460 780 3510 tradat
823 3458 921 3524 minus)
945 3458 1040 3510 πᾶσαν
1063 3456 1111 3524 τὴν
1130 3452 1242 3525 χώραν,
1265 3455 1388 3529 μάλιστα

214 3534 408 3590 aGermanico
418 3534 557 3587 incentum
569 3549 626 3587 eece
636 3535 778 3602 Mettium,
822 3537 876 3589 τῶν
887 3533 972 3601 ληΐων
985 3531 1176 3606 ἀκμαζόντων·
1195 3531 1240 3594 τάς
1253 3552 1279 3587 τε
1293 3530 1389 3606 κώμας

212 3614 301 3683 pensis
319 3618 441 3680 caput,
461 3619 487 3663 et
507 3610 544 3678 II,
565 3615 606 3675 62,
622 3616 647 3666 2.
683 3610 778 3665 Mero·
821 3609 1140 3686 ἐμπιπράς,διαρπάζειν
1151 3610 1247 3673 tortae
1259 3612 1389 3680 τῷστρα-

216 3689 303 3745 bodui
321 3689 458 3757 rapiam
483 3688 679 3757 castellumque
700 3689 779 3743 intuta
820 3692 870 3760 τῷ.
892 3688 1079 3762 culpandorum
1097 3686 1152 3757 yda
1170 3688 1199 3741 τὸ
1220 3689 1276 3756 πῦρ
1295 3687 1389 3742 ἔπινέ-

214 3768 297 3821 aitum
315 3774 520 3819 commemoret.
541 3766 577 3817 cl,
594 3765 672 3819 Caes.
690 3767 722 3822 B.
743 3769 777 3823 G.
819 3787 900 3843 μεται
916 3766 963 3827 τάς
977 3784 1005 3820 τε
1020 3764 1111 3825 πόλεις
1125 3763 1223 3829 niuniu,
1237 3763 1269 3827 ἃς
1282 3765 1389 3836 ἔχουσι,

214 3846 266 3909 IV,
283 3849 322 3907 19,
336 3848 359 3897 2.
384 3843 519 3911 Copnoait
537 3841 641 3897 Samos
659 3872 691 3881 -
710 3862 780 3896 mm·
821 3848 867 3899 καὶ
897 3843 944 3904 τὰς
972 3841 1088 3911 οἰκήσεις
1117 3840 1241 3903 ἁπάσας,
1272 3846 1390 3897 λίθων

215 3922 273 3975 cios
292 3922 322 3974 in
340 3938 432 3975 omnes
447 3928 544 3990 partae
562 3920 708 3985 dumiense,
728 3921 781 3974 uti
820 3923 883 3996 μὲν
898 3924 961 3989 γὰρ
978 3922 1054 3988 παρ’
1070 3917 1185 3980 αὐτοῖς
1202 3918 1216 3985 'l
1231 3922 1390 3975 πλίνθων

215 4001 258 4051 de
277 3997 417 4067 oppidis
438 3997 686 4065 demiqrarent.
821 3999 933 4055 ὀπτῶν
957 3996 1089 4060 σπάνις,
1114 3996 1195 4050 ὕλαι
1218 3997 1247 4049 d’
1272 3994 1388 4052 εὔδεν-

206 4131 213 4144 ,
248 4092 283 4129 ae
305 4075 370 4144 pati
390 4074 510 4144 quidem]
543 4076 683 4144 Asyndetu
707 4078 778 4129 haee
821 4079 910 4151 δροι·
934 4076 1016 4129 ὅθεν
1041 4073 1148 4137 ξύλων
1171 4070 1273 4139 οὔσης
1296 4073 1388 4128 ἔκτε-

214 4152 360 4215 sententia,
370 4151 561 4224 quagradatio
571 4151 689 4206 efficitur
699 4170 777 4219 prae·
821 4160 925 4219 νείας,
946 4150 1205 4226 συμπηγνύντες
1223 4148 1306 4204 αὐτὰ
1331 4156 1387 4205 καὶ

216 4230 354 4289 cedentis,
374 4229 480 4299 pariter
500 4236 531 4281 ut
554 4227 603 4282 illa
619 4231 725 4299 pendet
743 4248 778 4283 ex
821 4228 1040 4303 ἁρμόζοντες,
1063 4231 1368 4295 σκηνοποιοῦνται.

215 4316 311 4361 notam
330 4314 377 4359 aa.
855 4307 940 4375 citra]
954 4306 1088 4374 i.e.m'ne‚·
1101 4323 1128 4360 v.
1139 4305 1314 4375 edAgric.c.
1327 4312 1384 4369 1,3.

250 4380 367 4447 diverat]
386 4379 441 4434 ie.
461 4380 488 4432 in
502 4380 647 4450 contrariis
660 4389 688 4435 et
707 4382 778 4436 inter
856 4389 879 4438 3.
900 4384 1044 4447 Quaedam
1062 4383 1135 4453 loca]
1160 4382 1178 4438 i.
1202 4400 1226 4437 e.
1247 4386 1386 4451 quasdam
