3067 4867
568 364 784 421 crunnum.
821 364 851 421 c.
869 362 958 420 xer.
994 345 1024 415 .’
1136 300 1159 337 ⁰
1305 358 1346 427 97

177 538 309 626 gignat,
330 546 367 602 ut
387 536 550 614 barbaris,
574 538 758 621 quaesitum
780 548 1035 624 compertumve3
1067 535 1122 599 diu
1146 534 1224 619 quin
1250 533 1346 599 etiam

176 629 263 715 inter
289 658 397 714 cetera
425 647 635 717 eiectamenta
663 647 760 712 maris
785 647 930 724 iacebat,
960 646 1065 711 donec
1086 644 1212 709 luxuria
1235 654 1347 707 nostra

179 756 271 825 dedit
290 780 420 827 nomen.
462 757 550 845 Ipsis
573 757 607 823 in
629 758 718 823 nulio
740 779 820 833 ueu3
849 758 930 822 rude
952 756 1084 841 legitur,
1114 754 1249 819 informe
1271 774 1346 839 per-

153 869 288 946 tiertur,
310 870 515 955 pretiumque
535 867 687 933 mirantes
709 866 881 955 accipiunt.
923 866 1045 933 Suoum
1066 875 1173 929 tamen
1197 862 1347 929 arborum

178 1000 253 1045 esse
280 977 465 1063 intelligas,
496 977 575 1062 quia
605 989 731 1042 terrena
762 976 920 1061 quaedam
952 985 1050 1063 atque
1082 975 1177 1039 etiam
1205 973 1348 1039 volucria

180 1086 332 1154 animalia
353 1080 545 1175 plerumque
572 1086 782 1163 interlucent,
813 1108 897 1173 quae
925 1085 1089 1171 implicata
1114 1084 1249 1148 humore
1271 1106 1347 1148 mox

154 1197 372 1263 edureseente
410 1197 544 1262 materia
584 1196 766 1264 cluduntur.
830 1196 1038 1262 Fecundicra
1080 1195 1180 1279 igitur
1214 1212 1348 1259 nemora

121 1304 129 1319 ⁸
178 1308 350 1393 lucosque,
378 1307 463 1373 sicut
483 1307 617 1373 orientis
640 1306 788 1396 secretis,
817 1305 874 1371 ubi
896 1316 967 1370 tura
988 1306 1197 1391 balsamaque
1219 1303 1347 1380 sudant,

179 1417 226 1485 its
246 1416 425 1483 occidentis
451 1416 567 1482 insulis
593 1416 751 1503 terrisque
775 1415 883 1481 inesse
904 1415 1112 1494 crediderim,
1142 1436 1226 1501 quae
1247 1414 1351 1481 vieini

180 1525 260 1595 tolie
279 1528 381 1593 radiis
400 1548 555 1614 expressa
577 1536 675 1611 atque
695 1526 853 1611 liquentia
874 1526 907 1591 in
923 1526 1106 1612 proximum
1127 1546 1213 1589 mare
1231 1524 1348 1589 labun-

213 1711 284 1782 Nee]
306 1730 332 1766 v.
350 1713 386 1765 ed
404 1728 427 1765 c.
444 1716 487 1780 21,
507 1717 529 1767 1.
786 1710 868 1766 aliam
886 1710 1128 1777 constructionem,
1141 1727 1222 1779 quam
1241 1709 1348 1763 initium

214 1805 286 1859 quae
301 1788 417 1858 actura]
435 1806 474 1845 so.
485 1789 539 1857 sit,·
558 1806 582 1843 r.
596 1790 631 1841 ad
646 1805 668 1841 c.
681 1794 706 1851 3,
719 1793 743 1842 2.
786 1787 895 1859 periodi
920 1789 1063 1863 poscebat.
1100 1787 1172 1840 Nem
1198 1804 1282 1857 quum
1309 1787 1349 1840 sic

213 1871 244 1920 stt
260 1865 400 1934 tartaris]
421 1883 447 1921 v.
467 1868 503 1918 ad
524 1882 546 1923 o,
567 1869 593 1931 2,
613 1870 636 1920 3.
662 1865 743 1929 Quae
786 1857 937 1937 inciperet,
962 1872 993 1917 nt
1012 1864 1100 1918 oratio
1123 1866 1193 1916 haec
1217 1880 1276 1916 essa
1301 1864 1349 1916 de·
1375 1875 1377 1879 ’

179 1958 263 1997 voces
282 1960 366 2012 quum
387 1942 587 2013 appositionem
611 1942 743 2006 efficiant,
773 1940 883 1999 'bereti
896 1942 1086 2010 „semodium
1098 1942 1184 2009 ipitur
1195 1958 1347 1994 nemora-

179 2020 216 2073 sd
228 2017 419 2089 praedicatum
438 2020 624 2087 supplendum
640 2027 682 2073 est
698 2020 743 2075 iia.
785 2019 886 2073 ineolis
911 2020 1045 2088 terrisque
1073 2035 1149 2071 erse
1172 2019 1350 2086 crediderim,

213 2095 421 2165 compermmoe]
455 2095 499 2149 De
527 2098 616 2150 verbo
649 2114 675 2151 r.
707 2097 742 2149 ad
785 2095 1121 2165 iisquecemoritue
1141 2098 1350 2165 (zena-umque

179 2189 204 2230 e.
220 2179 246 2238 9,
264 2178 305 2238 2.,
325 2174 361 2225 de
378 2171 516 2243 particule
534 2174 569 2225 ad
589 2189 612 2227 c.
633 2178 658 2234 3,
676 2178 700 2227 2.
784 2190 925 2227 aemorum
939 2168 1128 2239 arboribus)
1143 2172 1274 2225 ineese“
1286 2180 1348 2236 eta',

213 2253 323 2317 nomen]
338 2250 355 2303 i.
368 2267 391 2304 e.
403 2249 541 2319 honorem,
558 2250 745 2312 nobilitatem
786 2250 825 2303 ita
838 2248 930 2318 posuit
943 2250 1030 2303 inesse
1042 2250 1166 2317 verbnm,
1179 2248 1257 2319 qussi
1269 2246 1352 2315 prae-⁵

179 2327 217 2384 α’.
235 2343 260 2382 c.
280 2332 320 2390 13,
340 2332 365 2382 3.
386 2324 500 2396 Quippe
517 2334 600 2379 antea
617 2343 663 2380 res
678 2326 744 2379 oilie
787 2327 929 2381 cessisset:
943 2366 959 2395 ‚,
959 2326 1231 2395 fecundioribus
1243 2326 1352 2395 ipitur

179 2403 356 2472 stipaods'lt'r
375 2402 436 2456 ruit.
510 2447 512 2450 .
786 2404 1178 2473 nemoribueluciequc,
1196 2404 1287 2457 sicet
1305 2409 1348 2461 itt

213 2480 347 2549 insomne]
366 2497 391 2532 v.
410 2481 446 2534 ad
467 2495 490 2535 e.
512 2484 551 2546 16,
569 2484 593 2536 2.
786 2482 940 2536 orientis
956 2481 1148 2534 secretis·
1165 2481 1218 2534 ite
1236 2488 1278 2537 trs
1297 2497 1351 2533 oo·

208 2557 364 2627 perscruter]
384 2572 424 2614 sc.
442 2558 484 2611 ed
501 2574 568 2625 aoe,·
587 2558 662 2610 haud
679 2574 744 2611 raro
787 2559 943 2613 rideatis
960 2558 1125 2625 insulie,“
1142 2566 1196 2613 etc.

180 2633 254 2689 enirn
271 2631 300 2687 in
314 2636 370 2688 hoo
381 2635 468 2687 verbo
481 2632 512 2696 is,
531 2636 567 2689 ad
580 2651 663 2703 quem
675 2633 744 2704 qnid
821 2636 941 2703 secretu]
963 2634 980 2689 i.
1000 2652 1023 2689 e.
1043 2634 1167 2697 desertis,
1188 2632 1352 2702 regionibus

180 2710 332 2781 perfertur,
355 2710 505 2777 omittitur,
528 2728 564 2765 ex
584 2728 658 2764 nexu
679 2728 745 2779 sup·
786 2711 863 2767 solis.

180 2788 314 2858 plendum
333 2786 546 2854 otAnn.1,26,
562 2792 584 2841 1.
599 2789 745 2841 Mandata
821 2788 933 2857 sudent]
958 2788 1002 2842 Ita
1021 2790 1082 2842 cod.
1103 2788 1176 2856 PM,
1203 2788 1288 2843 ceteri
1306 2807 1352 2843 aa·

181 2862 581 2933 (miamiecamrioni,
590 2880 661 2932 quaec
670 2880 745 2933 per·
787 2868 900 2920 dautur.
935 2865 1048 2920 Sedere
1067 2884 1122 2920 non
1142 2865 1230 2922 solum
1247 2884 1293 2920 res
1310 2865 1352 2919 dia

172 2943 295 3010 ferret
313 2942 363 3008 (se.
381 2943 419 2995 ed
436 2941 580 3005 Drusum).
789 2942 868 3006 citur,
887 2960 923 2997 ex
935 2962 989 3014 qua
1001 2942 1100 2995 humor
1117 2950 1248 3013 tanquam
1267 2946 1353 2999 sudor

214 3025 239 3077 4.
257 3020 362 3085 marca]
381 3017 498 3087 Spectet
517 3018 587 3073 haec
606 3015 746 3086 particula
789 3018 861 3082 exit,
885 3022 935 3073 sed
954 3019 1037 3074 etiam
1057 3019 1117 3088 ipre
1133 3019 1245 3089 tumor,
1268 3037 1352 3075 exre

180 3097 218 3151 ed
247 3095 431 3166 supplendam
460 3092 626 3147 sententiam
656 3094 743 3147 hane:
788 3096 881 3165 aliqua
905 3113 1037 3150 emanans
1062 3097 1107 3149 vel
1131 3096 1289 3166 profluens,
1316 3098 1351 3153 of.

180 3188 350 3243 quamquem
367 3172 520 3224 &aotwa
538 3178 564 3223 et
579 3169 745 3236 oripiaesa·
787 3172 866 3243 Virg.
893 3172 997 3241 Georg.
1025 3171 1070 3237 II,
1100 3178 1155 3228 118.
1195 3173 1271 3235 Quid
1302 3174 1354 3227 titt

180 3248 240 3305 cini
256 3247 329 3300 nitet
345 3264 365 3300 a
379 3245 531 3299 damam
548 3246 689 3314 traditum
708 3247 745 3299 cf.
788 3249 908 3302 odorato
930 3251 1055 3316 referem
1075 3248 1251 3305 radantia
1275 3250 1353 3319 tipao

181 3329 295 3388 ο.46,2.
313 3330 342 3378 et
360 3321 746 3391 v.adegrie.e.e‚4.11,3.
788 3324 992 3380 Balsama!
1027 3326 1186 3381 Vernacuit
1210 3344 1243 3380 eo
1270 3344 1353 3381 sensu

212 3400 388 3471 plerumque]
407 3417 433 3455 v.
452 3402 488 3452 ed
507 3416 530 3453 e.
551 3403 591 3464 13,
608 3404 632 3453 4.
790 3400 891 3453 dicitur
902 3401 1105 3470 acescentem,
1118 3404 1353 3471 quemadmodum

215 3477 288 3547 moe]
308 3494 334 3533 v.
355 3479 391 3530 ed
412 3493 436 3565 c:
454 3481 480 3542 2,
498 3482 524 3531 4.
788 3476 875 3532 latine
908 3476 990 3530 etiem
1023 3481 1178 3550 eesadare;
1193 3480 1245 3571 .⁰f'
1273 3480 1354 3551 Virg.

112 3601 117 3611 .
215 3554 375 3623 chemae]
403 3552 527 3623 Simplex
552 3552 667 3605 verbum
694 3568 746 3622 pro
789 3554 896 3623 Georg.
908 3555 930 3619 Ι,
951 3560 992 3611 88.
1012 3556 1098 3610 Omne
1114 3574 1168 3625 per
1185 3574 1276 3625 apaan
1295 3560 1353 3613 Ee·

182 3629 336 3701 composito
351 3630 547 3699 includantur-5
564 3647 589 3684 v.
603 3632 638 3683 ad
651 3628 746 3699 Agrie.
789 3630 916 3700 coquitur
933 3632 1030 3685 vitium
1046 3640 1129 3703 atque
1146 3637 1293 3691 emendat
1311 3634 1354 3690 sir·
1464 3686 1465 3689 ,

182 3702 205 3763 'a
223 3711 265 3773 21,
284 3713 309 3763 3.
787 3708 866 3761 oritis
885 3709 1014 3763 humor.
1351 3744 1353 3755 .

214 3791 240 3843 t.
264 3782 445 3839 Fccrmds‘ora
466 3798 582 3837 nemora
599 3812 634 3823 -
658 3782 746 3836 inesse
823 3800 895 3855 quae
906 3812 940 3825 --
953 3786 1096 3855 laberetur]
1116 3789 1188 3840 Ante
1200 3804 1272 3856 quae
1289 3806 1353 3859 snp-

180 3862 359 3929 crediderim,
375 3876 448 3930 quae
459 3891 492 3901 -
510 3876 642 3930 coprem
653 3890 687 3900 -
703 3859 747 3914 le·
788 3862 921 3933 plendum
934 3878 976 3929 ee,
994 3888 1028 3907 ·--
1041 3879 1075 3915 ea
1092 3864 1230 3932 materies,
1249 3881 1283 3919 ea
1299 3882 1354 3920 me-

180 3938 290 4009 deatur]
310 3940 405 3992 Iacere
422 3944 602 4006 nequereote
616 3938 745 4006 adpree·
788 3939 870 3993 daila
893 3938 1005 4005 (Germ.
1030 3940 1081 3993 der
1107 3940 1205 4009 Stoff).
1232 3969 1265 3979 -
1297 3944 1354 3995 La-

181 4015 311 4069 cedentia
334 4013 507 4068 substantiva
529 4014 630 4067 referri
653 4020 746 4084 potest
788 4016 888 4068 buntur
914 4032 969 4067 non
996 4018 1101 4086 pendet
1121 4022 1157 4071 ert
1176 4018 1354 4087 crediderim,

181 4094 308 4157 (aemma
326 4091 400 4144 enim
421 4107 478 4144 non
498 4090 624 4144 ineant
642 4090 746 4159 terrie),
788 4094 838 4146 sed
856 4109 914 4145 rem
933 4109 983 4162 per
1001 4111 1030 4147 se
1049 4100 1077 4147 et
1094 4093 1122 4146 in
1141 4094 1217 4147 facto
1235 4095 1355 4165 positam

181 4183 274 4238 neque
303 4166 352 4221 ilia
382 4169 516 4233 (aemma)
547 4166 603 4220 dici
632 4177 747 4236 possunt
788 4168 922 4223 enuntiet.
953 4168 1035 4223 Unde
1055 4169 1132 4223 locus
1151 4181 1268 4225 nonest
1288 4188 1355 4225 con·

181 4257 312 4314 capream
328 4260 363 4296 ac
380 4243 517 4312 limitatio
533 4243 600 4297 tati.
623 4244 745 4315 Quippe,
788 4244 918 4300 innotivo.

180 4322 246 4374 dum
274 4318 405 4373 breviteti
432 4322 527 4374 studet
556 4319 687 4385 Tacitus,
717 4321 745 4375 in
821 4323 909 4377 vidui
926 4323 1004 4393 rotas]
1031 4322 1047 4375 ἰ,
1067 4340 1090 4379 s.
1118 4323 1255 4378 aestivi
1275 4324 1355 4393 rolt'r,

180 4396 378 4453 munuum
390 4394 495 4463 incidit,
512 4405 700 4469 transgressus
716 4398 746 4454 in
789 4399 854 4470 quie
874 4405 979 4455 nemete
998 4400 1041 4454 sol
1062 4408 1154 4456 terrae
1172 4399 1287 4471 propior
1303 4408 1354 4456 est.

231 4490 430 4534 ramnum
1126 4486 1144 4549 7
