<?xml version="1.0" encoding="UTF-8"?>
<!DOCTYPE html PUBLIC "-//W3C//DTD XHTML 1.0 Transitional//EN"
    "http://www.w3.org/TR/xhtml1/DTD/xhtml1-transitional.dtd">
<html xmlns="http://www.w3.org/1999/xhtml" xml:lang="en" lang="en">
 <head>
  <title>
</title>
<meta http-equiv="Content-Type" content="text/html;charset=utf-8" />
  <meta name='ocr-system' content='tesseract 3.04.00' />
  <meta name='ocr-capabilities' content='ocr_page ocr_carea ocr_par ocr_line ocrx_word'/>
</head>
<body>
  <div class='ocr_page' id='page_1' title='image "./pcorneliitaciti00wexgoog/pcorneliitaciti00wexgoog_0038.png"; bbox 0 0 3067 4867; ppageno 0'>
   <div class='ocr_carea' id='block_1_1' title="bbox 208 295 1045 366">
    <p class='ocr_par' dir='ltr' id='par_1_1' title="bbox 208 295 1045 366">
     <span class='ocr_line' id='line_1_1' title="bbox 208 295 1045 366; baseline 0.019 -29"><span class='ocrx_word' id='word_1_1' title='bbox 208 300 249 366; x_wconf 67' lang='lat'>,3</span> <span class='ocrx_word' id='word_1_2' title='bbox 383 326 385 331; x_wconf 66' lang='lat'>,</span> <span class='ocrx_word' id='word_1_3' title='bbox 543 295 847 358; x_wconf 74' lang='lat' dir='ltr'>rauracorum.</span> <span class='ocrx_word' id='word_1_4' title='bbox 883 296 971 358; x_wconf 67' lang='lat' dir='ltr'>oar,</span> <span class='ocrx_word' id='word_1_5' title='bbox 991 297 1045 356; x_wconf 67' lang='lat' dir='ltr'>ru,</span> 
     </span>
    </p>
   </div>
   <div class='ocr_carea' id='block_1_2' title="bbox 193 483 1382 2664">
    <p class='ocr_par' dir='ltr' id='par_1_2' title="bbox 193 483 1382 2664">
     <span class='ocr_line' id='line_1_2' title="bbox 198 483 1382 573; baseline -0.004 -20"><span class='ocrx_word' id='word_1_6' title='bbox 198 486 343 553; x_wconf 63' lang='lat' dir='ltr'>ciliorum</span> <span class='ocrx_word' id='word_1_7' title='bbox 363 495 534 552; x_wconf 76' lang='lat' dir='ltr'>meatorum</span> <span class='ocrx_word' id='word_1_8' title='bbox 554 483 647 562; x_wconf 87' lang='lat' dir='ltr'>loeis,</span> <span class='ocrx_word' id='word_1_9' title='bbox 669 508 735 573; x_wconf 87' lang='lat' dir='ltr'>qua</span> <span class='ocrx_word' id='word_1_10' title='bbox 755 507 791 551; x_wconf 89' lang='lat' dir='ltr'>re</span> <span class='ocrx_word' id='word_1_11' title='bbox 813 484 906 551; x_wconf 89' lang='lat' dir='ltr'>multi</span> <span class='ocrx_word' id='word_1_12' title='bbox 929 484 1056 551; x_wconf 88' lang='lat' dir='ltr'>inducti</span> <span class='ocrx_word' id='word_1_13' title='bbox 1072 495 1157 563; x_wconf 82' lang='lat' dir='ltr'>sunt,</span> <span class='ocrx_word' id='word_1_14' title='bbox 1171 497 1218 569; x_wconf 23' lang='lat' dir='ltr'>,ut</span> <span class='ocrx_word' id='word_1_15' title='bbox 1231 495 1382 572; x_wconf 86' lang='lat' dir='ltr'>putarent</span> 
     </span>
     <span class='ocr_line' id='line_1_3' title="bbox 200 595 1381 683; baseline -0.003 -17"><span class='ocrx_word' id='word_1_16' title='bbox 200 596 380 673; x_wconf 74' lang='lat' dir='ltr'>Tacitum,</span> <span class='ocrx_word' id='word_1_17' title='bbox 419 619 484 681; x_wconf 90' lang='lat' dir='ltr'>quo</span> <span class='ocrx_word' id='word_1_18' title='bbox 514 595 643 664; x_wconf 87' lang='lat' dir='ltr'>illorum</span> <span class='ocrx_word' id='word_1_19' title='bbox 678 595 852 661; x_wconf 84' lang='lat' dir='ltr'>dictionem</span> <span class='ocrx_word' id='word_1_20' title='bbox 882 595 1080 683; x_wconf 75' lang='lat' dir='ltr'>imitaretur,</span> <span class='ocrx_word' id='word_1_21' title='bbox 1111 596 1182 665; x_wconf 82' lang='lat' dir='ltr'>illas</span> <span class='ocrx_word' id='word_1_22' title='bbox 1202 595 1381 682; x_wconf 79' lang='lat' dir='ltr'>particulas</span> 
     </span>
     <span class='ocr_line' id='line_1_4' title="bbox 199 704 1379 794; baseline -0.004 -17"><span class='ocrx_word' id='word_1_23' title='bbox 199 718 359 793; x_wconf 74' lang='lat' dir='ltr'>¹tuisquam</span> <span class='ocrx_word' id='word_1_24' title='bbox 381 706 537 775; x_wconf 84' lang='lat' dir='ltr'>flosculos</span> <span class='ocrx_word' id='word_1_25' title='bbox 558 728 598 771; x_wconf 87' lang='lat' dir='ltr'>ex</span> <span class='ocrx_word' id='word_1_26' title='bbox 619 705 731 772; x_wconf 81' lang='lat' dir='ltr'>alienis</span> <span class='ocrx_word' id='word_1_27' title='bbox 754 705 858 791; x_wconf 88' lang='lat' dir='ltr'>pratis</span> <span class='ocrx_word' id='word_1_28' title='bbox 881 704 1038 772; x_wconf 86' lang='lat' dir='ltr'>collectos</span> <span class='ocrx_word' id='word_1_29' title='bbox 1061 704 1215 794; x_wconf 80' lang='lat' dir='ltr'>operibus</span> <span class='ocrx_word' id='word_1_30' title='bbox 1236 706 1379 792; x_wconf 70' lang='lat' dir='ltr'>suisiu-</span> 
     </span>
     <span class='ocr_line' id='line_1_5' title="bbox 197 814 1378 903; baseline -0.001 -21"><span class='ocrx_word' id='word_1_31' title='bbox 197 818 363 903; x_wconf 25' lang='lat' dir='ltr'>lseruisse,</span> <span class='ocrx_word' id='word_1_32' title='bbox 389 817 442 895; x_wconf 87' lang='lat' dir='ltr'>id,</span> <span class='ocrx_word' id='word_1_33' title='bbox 473 827 572 903; x_wconf 89' lang='lat' dir='ltr'>prout</span> <span class='ocrx_word' id='word_1_34' title='bbox 592 815 804 883; x_wconf 88' lang='lat' dir='ltr'>imitationem</span> <span class='ocrx_word' id='word_1_35' title='bbox 825 814 1042 894; x_wconf 75' lang='lat' dir='ltr'>intellexeris,</span> <span class='ocrx_word' id='word_1_36' title='bbox 1064 816 1114 880; x_wconf 91' lang='lat' dir='ltr'>vel</span> <span class='ocrx_word' id='word_1_37' title='bbox 1135 816 1247 901; x_wconf 81' lang='lat' dir='ltr'>negari</span> <span class='ocrx_word' id='word_1_38' title='bbox 1268 816 1378 895; x_wconf 82' lang='lat' dir='ltr'>debet,</span> 
     </span>
     <span class='ocr_line' id='line_1_6' title="bbox 204 925 1378 1015; baseline 0.001 -23"><span class='ocrx_word' id='word_1_39' title='bbox 204 928 255 995; x_wconf 92' lang='lat' dir='ltr'>vel</span> <span class='ocrx_word' id='word_1_40' title='bbox 276 927 411 995; x_wconf 85' lang='lat' dir='ltr'>concedi</span> <span class='ocrx_word' id='word_1_41' title='bbox 434 938 552 1015; x_wconf 90' lang='lat' dir='ltr'>potest.</span> <span class='ocrx_word' id='word_1_42' title='bbox 585 926 669 993; x_wconf 85' lang='lat' dir='ltr'>Nam</span> <span class='ocrx_word' id='word_1_43' title='bbox 692 925 813 1011; x_wconf 90' lang='lat' dir='ltr'>quibus</span> <span class='ocrx_word' id='word_1_44' title='bbox 836 925 952 991; x_wconf 84' lang='lat' dir='ltr'>imitari</span> <span class='ocrx_word' id='word_1_45' title='bbox 975 936 1025 991; x_wconf 90' lang='lat' dir='ltr'>est</span> <span class='ocrx_word' id='word_1_46' title='bbox 1050 938 1219 1013; x_wconf 79' lang='lat' dir='ltr'>excerptas</span> <span class='ocrx_word' id='word_1_47' title='bbox 1241 949 1282 994; x_wconf 87' lang='lat' dir='ltr'>ex</span> <span class='ocrx_word' id='word_1_48' title='bbox 1307 927 1378 1000; x_wconf 82' lang='lat' dir='ltr'>aliis</span> 
     </span>
     <span class='ocr_line' id='line_1_7' title="bbox 196 1025 1379 1127; baseline -0.003 -21"><span class='ocrx_word' id='word_1_49' title='bbox 196 1036 620 1127; x_wconf 47' lang='lat' dir='ltr'>„scriptoribus&#39;locutiones</span> <span class='ocrx_word' id='word_1_50' title='bbox 645 1046 676 1101; x_wconf 84' lang='lat' dir='ltr'>et</span> <span class='ocrx_word' id='word_1_51' title='bbox 698 1035 887 1113; x_wconf 75' lang='lat' dir='ltr'>sententias,</span> <span class='ocrx_word' id='word_1_52' title='bbox 906 1036 1092 1123; x_wconf 85' lang='lat' dir='ltr'>ubicunqne</span> <span class='ocrx_word' id='word_1_53' title='bbox 1119 1025 1249 1104; x_wconf 85' lang='lat' dir='ltr'>ooeasio</span> <span class='ocrx_word' id='word_1_54' title='bbox 1272 1037 1379 1125; x_wconf 84' lang='lat' dir='ltr'>luerit,</span> 
     </span>
     <span class='ocr_line' id='line_1_8' title="bbox 205 1139 1379 1233; baseline 0.001 -20"><span class='ocrx_word' id='word_1_55' title='bbox 205 1148 384 1213; x_wconf 78' lang='lat' dir='ltr'>immiscere</span> <span class='ocrx_word' id='word_1_56' title='bbox 406 1144 558 1233; x_wconf 87' lang='lat' dir='ltr'>propriae</span> <span class='ocrx_word' id='word_1_57' title='bbox 581 1145 718 1212; x_wconf 89' lang='lat' dir='ltr'>orationi</span> <span class='ocrx_word' id='word_1_58' title='bbox 742 1147 792 1211; x_wconf 86' lang='lat' dir='ltr'>vel</span> <span class='ocrx_word' id='word_1_59' title='bbox 816 1139 862 1211; x_wconf 84' lang='lat' dir='ltr'>ad</span> <span class='ocrx_word' id='word_1_60' title='bbox 884 1145 1051 1214; x_wconf 86' lang='lat' dir='ltr'>doctrinae</span> <span class='ocrx_word' id='word_1_61' title='bbox 1070 1146 1200 1212; x_wconf 89' lang='lat' dir='ltr'>laudem</span> <span class='ocrx_word' id='word_1_62' title='bbox 1220 1170 1379 1232; x_wconf 77' lang='lat' dir='ltr'>quaeres·</span> 
     </span>
     <span class='ocr_line' id='line_1_9' title="bbox 204 1256 1377 1343; baseline 0 -20"><span class='ocrx_word' id='word_1_63' title='bbox 204 1258 288 1335; x_wconf 79' lang='lat' dir='ltr'>dam,</span> <span class='ocrx_word' id='word_1_64' title='bbox 310 1257 360 1323; x_wconf 89' lang='lat' dir='ltr'>vel</span> <span class='ocrx_word' id='word_1_65' title='bbox 382 1257 423 1321; x_wconf 86' lang='lat' dir='ltr'>ad</span> <span class='ocrx_word' id='word_1_66' title='bbox 446 1256 569 1343; x_wconf 83' lang='lat' dir='ltr'>ingenii</span> <span class='ocrx_word' id='word_1_67' title='bbox 591 1256 739 1343; x_wconf 90' lang='lat' dir='ltr'>inopiam</span> <span class='ocrx_word' id='word_1_68' title='bbox 760 1256 944 1342; x_wconf 80' lang='lat' dir='ltr'>tegendam,</span> <span class='ocrx_word' id='word_1_69' title='bbox 967 1257 990 1321; x_wconf 89' lang='lat' dir='ltr'>ii</span> <span class='ocrx_word' id='word_1_70' title='bbox 1009 1257 1136 1323; x_wconf 89' lang='lat' dir='ltr'>nescire</span> <span class='ocrx_word' id='word_1_71' title='bbox 1156 1257 1306 1325; x_wconf 86' lang='lat' dir='ltr'>ridentur</span> <span class='ocrx_word' id='word_1_72' title='bbox 1327 1259 1377 1324; x_wconf 87' lang='lat' dir='ltr'>ni-</span> 
     </span>
     <span class='ocr_line' id='line_1_10' title="bbox 206 1364 1376 1454; baseline 0 -21"><span class='ocrx_word' id='word_1_73' title='bbox 206 1368 250 1433; x_wconf 78' lang='lat' dir='ltr'>hil</span> <span class='ocrx_word' id='word_1_74' title='bbox 275 1367 396 1434; x_wconf 85' lang='lat' dir='ltr'>Tacito·</span> <span class='ocrx_word' id='word_1_75' title='bbox 414 1364 583 1454; x_wconf 80' lang='lat' dir='ltr'>indignius</span> <span class='ocrx_word' id='word_1_76' title='bbox 606 1388 678 1433; x_wconf 87' lang='lat' dir='ltr'>esse</span> <span class='ocrx_word' id='word_1_77' title='bbox 700 1378 731 1433; x_wconf 87' lang='lat' dir='ltr'>et</span> <span class='ocrx_word' id='word_1_78' title='bbox 754 1367 794 1431; x_wconf 89' lang='lat' dir='ltr'>ab</span> <span class='ocrx_word' id='word_1_79' title='bbox 821 1388 860 1431; x_wconf 92' lang='lat' dir='ltr'>eo</span> <span class='ocrx_word' id='word_1_80' title='bbox 883 1367 1037 1443; x_wconf 86' lang='lat' dir='ltr'>alienius,</span> <span class='ocrx_word' id='word_1_81' title='bbox 1068 1390 1162 1451; x_wconf 86' lang='lat' dir='ltr'>quam</span> <span class='ocrx_word' id='word_1_82' title='bbox 1186 1367 1281 1436; x_wconf 88' lang='lat' dir='ltr'>talem</span> <span class='ocrx_word' id='word_1_83' title='bbox 1302 1368 1376 1433; x_wconf 80' lang='lat' dir='ltr'>inri-</span> 
     </span>
     <span class='ocr_line' id='line_1_11' title="bbox 205 1475 1376 1564; baseline -0.001 -19"><span class='ocrx_word' id='word_1_84' title='bbox 205 1478 376 1556; x_wconf 88' lang='lat' dir='ltr'>tationem,</span> <span class='ocrx_word' id='word_1_85' title='bbox 413 1499 496 1563; x_wconf 83' lang='lat' dir='ltr'>quae</span> <span class='ocrx_word' id='word_1_86' title='bbox 525 1476 672 1542; x_wconf 83' lang='lat' dir='ltr'>servilem</span> <span class='ocrx_word' id='word_1_87' title='bbox 701 1476 824 1562; x_wconf 85' lang='lat' dir='ltr'>ingenii</span> <span class='ocrx_word' id='word_1_88' title='bbox 854 1475 999 1543; x_wconf 87' lang='lat' dir='ltr'>habitum</span> <span class='ocrx_word' id='word_1_89' title='bbox 1024 1477 1142 1564; x_wconf 82' lang='lat' dir='ltr'>prodit.</span> <span class='ocrx_word' id='word_1_90' title='bbox 1188 1477 1376 1548; x_wconf 81' lang='lat' dir='ltr'>Similitudo</span> 
     </span>
     <span class='ocr_line' id='line_1_12' title="bbox 204 1586 1376 1675; baseline 0.003 -22"><span class='ocrx_word' id='word_1_91' title='bbox 204 1600 310 1653; x_wconf 86' lang='lat' dir='ltr'>autern</span> <span class='ocrx_word' id='word_1_92' title='bbox 334 1588 399 1665; x_wconf 92' lang='lat' dir='ltr'>illa,</span> <span class='ocrx_word' id='word_1_93' title='bbox 422 1609 507 1673; x_wconf 86' lang='lat' dir='ltr'>quae</span> <span class='ocrx_word' id='word_1_94' title='bbox 529 1586 618 1654; x_wconf 86' lang='lat' dir='ltr'>haud</span> <span class='ocrx_word' id='word_1_95' title='bbox 639 1610 712 1651; x_wconf 88' lang='lat' dir='ltr'>raro</span> <span class='ocrx_word' id='word_1_96' title='bbox 736 1586 821 1651; x_wconf 89' lang='lat' dir='ltr'>inter</span> <span class='ocrx_word' id='word_1_97' title='bbox 842 1586 950 1653; x_wconf 86' lang='lat' dir='ltr'>Taciti</span> <span class='ocrx_word' id='word_1_98' title='bbox 976 1587 1167 1675; x_wconf 86' lang='lat' dir='ltr'>etpriorum</span> <span class='ocrx_word' id='word_1_99' title='bbox 1182 1588 1376 1675; x_wconf 85' lang='lat' dir='ltr'>scriptorum</span> 
     </span>
     <span class='ocr_line' id='line_1_13' title="bbox 205 1696 1377 1784; baseline 0.003 -21"><span class='ocrx_word' id='word_1_100' title='bbox 205 1697 302 1765; x_wconf 84' lang='lat' dir='ltr'>verba</span> <span class='ocrx_word' id='word_1_101' title='bbox 325 1697 587 1784; x_wconf 82' lang='lat' dir='ltr'>deprehenditur,</span> <span class='ocrx_word' id='word_1_102' title='bbox 609 1720 675 1763; x_wconf 91' lang='lat' dir='ltr'>uon</span> <span class='ocrx_word' id='word_1_103' title='bbox 693 1720 752 1783; x_wconf 91' lang='lat' dir='ltr'>pro</span> <span class='ocrx_word' id='word_1_104' title='bbox 768 1696 949 1763; x_wconf 86' lang='lat' dir='ltr'>imitatione</span> <span class='ocrx_word' id='word_1_105' title='bbox 965 1697 1113 1763; x_wconf 86' lang='lat' dir='ltr'>consulto</span> <span class='ocrx_word' id='word_1_106' title='bbox 1128 1698 1377 1767; x_wconf 67' lang='lat' dir='ltr'>conhabendo</span> 
     </span>
     <span class='ocr_line' id='line_1_14' title="bbox 193 1807 1374 1895; baseline 0.007 -28"><span class='ocrx_word' id='word_1_107' title='bbox 193 1820 262 1887; x_wconf 80' lang='lat' dir='ltr'>est,</span> <span class='ocrx_word' id='word_1_108' title='bbox 285 1808 345 1876; x_wconf 91' lang='lat' dir='ltr'>sed</span> <span class='ocrx_word' id='word_1_109' title='bbox 365 1807 441 1873; x_wconf 88' lang='lat' dir='ltr'>inde</span> <span class='ocrx_word' id='word_1_110' title='bbox 460 1808 652 1895; x_wconf 87' lang='lat' dir='ltr'>repetenda,</span> <span class='ocrx_word' id='word_1_111' title='bbox 674 1807 764 1892; x_wconf 89' lang='lat' dir='ltr'>quod</span> <span class='ocrx_word' id='word_1_112' title='bbox 786 1830 827 1874; x_wconf 87' lang='lat' dir='ltr'>ex</span> <span class='ocrx_word' id='word_1_113' title='bbox 851 1807 1099 1893; x_wconf 84' lang='lat' dir='ltr'>diligentissima</span> <span class='ocrx_word' id='word_1_114' title='bbox 1119 1819 1152 1873; x_wconf 90' lang='lat' dir='ltr'>et</span> <span class='ocrx_word' id='word_1_115' title='bbox 1172 1808 1286 1877; x_wconf 82' lang='lat' dir='ltr'>iterata</span> <span class='ocrx_word' id='word_1_116' title='bbox 1307 1810 1374 1895; x_wconf 61' lang='lat' dir='ltr'>cla</span> 
     </span>
     <span class='ocr_line' id='line_1_15' title="bbox 202 1916 1373 1987; baseline 0.003 -4"><span class='ocrx_word' id='word_1_117' title='bbox 202 1917 403 1985; x_wconf 85' lang='lat' dir='ltr'>rissimorum</span> <span class='ocrx_word' id='word_1_118' title='bbox 424 1929 594 1983; x_wconf 82' lang='lat' dir='ltr'>auctorum</span> <span class='ocrx_word' id='word_1_119' title='bbox 615 1916 755 1983; x_wconf 87' lang='lat' dir='ltr'>lectione</span> <span class='ocrx_word' id='word_1_120' title='bbox 772 1918 874 1983; x_wconf 84' lang='lat' dir='ltr'>multa</span> <span class='ocrx_word' id='word_1_121' title='bbox 888 1928 954 1983; x_wconf 88' lang='lat' dir='ltr'>tam</span> <span class='ocrx_word' id='word_1_122' title='bbox 969 1918 1101 1983; x_wconf 81' lang='lat' dir='ltr'>firmiter</span> <span class='ocrx_word' id='word_1_123' title='bbox 1114 1920 1288 1985; x_wconf 79' lang='lat' dir='ltr'>memoriae</span> <span class='ocrx_word' id='word_1_124' title='bbox 1304 1921 1373 1987; x_wconf 87' lang='lat' dir='ltr'>eius</span> 
     </span>
     <span class='ocr_line' id='line_1_16' title="bbox 201 2026 1373 2114; baseline 0.004 -21"><span class='ocrx_word' id='word_1_125' title='bbox 201 2028 386 2105; x_wconf 83' lang='lat' dir='ltr'>haeserunt,</span> <span class='ocrx_word' id='word_1_126' title='bbox 409 2039 454 2104; x_wconf 87' lang='lat' dir='ltr'>ut,</span> <span class='ocrx_word' id='word_1_127' title='bbox 479 2050 577 2113; x_wconf 89' lang='lat' dir='ltr'>quum</span> <span class='ocrx_word' id='word_1_128' title='bbox 599 2028 633 2092; x_wconf 91' lang='lat' dir='ltr'>in</span> <span class='ocrx_word' id='word_1_129' title='bbox 656 2026 752 2093; x_wconf 87' lang='lat' dir='ltr'>simili</span> <span class='ocrx_word' id='word_1_130' title='bbox 775 2050 809 2092; x_wconf 91' lang='lat' dir='ltr'>re</span> <span class='ocrx_word' id='word_1_131' title='bbox 834 2039 952 2114; x_wconf 87' lang='lat' dir='ltr'>sponte</span> <span class='ocrx_word' id='word_1_132' title='bbox 965 2028 1061 2113; x_wconf 90' lang='lat' dir='ltr'>quasi</span> <span class='ocrx_word' id='word_1_133' title='bbox 1081 2050 1116 2095; x_wconf 87' lang='lat' dir='ltr'>se</span> <span class='ocrx_word' id='word_1_134' title='bbox 1139 2029 1167 2092; x_wconf 91' lang='lat' dir='ltr'>ei</span> <span class='ocrx_word' id='word_1_135' title='bbox 1183 2028 1373 2109; x_wconf 71' lang='lat' dir='ltr'>obtinerent,</span> 
     </span>
     <span class='ocr_line' id='line_1_17' title="bbox 200 2135 1373 2226; baseline 0.003 -23"><span class='ocrx_word' id='word_1_136' title='bbox 200 2160 267 2205; x_wconf 90' lang='lat' dir='ltr'>non</span> <span class='ocrx_word' id='word_1_137' title='bbox 297 2135 458 2203; x_wconf 74' lang='lat' dir='ltr'>dubitaret</span> <span class='ocrx_word' id='word_1_138' title='bbox 487 2160 598 2204; x_wconf 88' lang='lat' dir='ltr'>rursus</span> <span class='ocrx_word' id='word_1_139' title='bbox 625 2136 798 2217; x_wconf 87' lang='lat' dir='ltr'>adhihere,</span> <span class='ocrx_word' id='word_1_140' title='bbox 828 2160 912 2223; x_wconf 87' lang='lat' dir='ltr'>quae</span> <span class='ocrx_word' id='word_1_141' title='bbox 938 2138 1002 2204; x_wconf 88' lang='lat' dir='ltr'>iam</span> <span class='ocrx_word' id='word_1_142' title='bbox 1030 2137 1072 2202; x_wconf 85' lang='lat' dir='ltr'>ab</span> <span class='ocrx_word' id='word_1_143' title='bbox 1096 2138 1206 2223; x_wconf 73' lang='lat' dir='ltr'>aliquo</span> <span class='ocrx_word' id='word_1_144' title='bbox 1229 2140 1373 2226; x_wconf 86' lang='lat' dir='ltr'>priorum</span> 
     </span>
     <span class='ocr_line' id='line_1_18' title="bbox 201 2240 1372 2334; baseline 0.003 -21"><span class='ocrx_word' id='word_1_145' title='bbox 201 2248 285 2313; x_wconf 83' lang='lat' dir='ltr'>bene</span> <span class='ocrx_word' id='word_1_146' title='bbox 306 2246 392 2313; x_wconf 87' lang='lat' dir='ltr'>dicta</span> <span class='ocrx_word' id='word_1_147' title='bbox 414 2257 531 2317; x_wconf 89' lang='lat' dir='ltr'>essent.</span> <span class='ocrx_word' id='word_1_148' title='bbox 567 2248 684 2332; x_wconf 89' lang='lat' dir='ltr'>Neque</span> <span class='ocrx_word' id='word_1_149' title='bbox 708 2248 864 2313; x_wconf 80' lang='lat' dir='ltr'>serviliter</span> <span class='ocrx_word' id='word_1_150' title='bbox 885 2240 919 2313; x_wconf 87' lang='lat' dir='ltr'>id</span> <span class='ocrx_word' id='word_1_151' title='bbox 936 2248 1014 2316; x_wconf 78' lang='lat' dir='ltr'>lecit</span> <span class='ocrx_word' id='word_1_152' title='bbox 1030 2248 1167 2334; x_wconf 80' lang='lat' dir='ltr'>singulis</span> <span class='ocrx_word' id='word_1_153' title='bbox 1183 2249 1372 2318; x_wconf 86' lang='lat' dir='ltr'>adverbum</span> 
     </span>
     <span class='ocr_line' id='line_1_19' title="bbox 200 2357 1373 2445; baseline 0.001 -20"><span class='ocrx_word' id='word_1_154' title='bbox 200 2357 404 2445; x_wconf 83' lang='lat' dir='ltr'>repetendis,</span> <span class='ocrx_word' id='word_1_155' title='bbox 434 2358 492 2423; x_wconf 86' lang='lat' dir='ltr'>sed</span> <span class='ocrx_word' id='word_1_156' title='bbox 520 2357 620 2423; x_wconf 85' lang='lat' dir='ltr'>libere</span> <span class='ocrx_word' id='word_1_157' title='bbox 649 2357 756 2423; x_wconf 87' lang='lat' dir='ltr'>verbis</span> <span class='ocrx_word' id='word_1_158' title='bbox 787 2380 826 2424; x_wconf 84' lang='lat' dir='ltr'>ae</span> <span class='ocrx_word' id='word_1_159' title='bbox 859 2358 1029 2423; x_wconf 87' lang='lat' dir='ltr'>sententiis</span> <span class='ocrx_word' id='word_1_160' title='bbox 1050 2358 1186 2426; x_wconf 82' lang='lat' dir='ltr'>aliorum</span> <span class='ocrx_word' id='word_1_161' title='bbox 1209 2382 1288 2426; x_wconf 85' lang='lat' dir='ltr'>usus</span> <span class='ocrx_word' id='word_1_162' title='bbox 1309 2360 1373 2426; x_wconf 89' lang='lat' dir='ltr'>hoc</span> 
     </span>
     <span class='ocr_line' id='line_1_20' title="bbox 200 2467 1372 2548; baseline 0.003 -15"><span class='ocrx_word' id='word_1_163' title='bbox 200 2468 424 2534; x_wconf 85' lang='lat' dir='ltr'>tantummodo</span> <span class='ocrx_word' id='word_1_164' title='bbox 454 2467 567 2545; x_wconf 83' lang='lat' dir='ltr'>efficit,</span> <span class='ocrx_word' id='word_1_165' title='bbox 596 2479 631 2533; x_wconf 91' lang='lat' dir='ltr'>ut</span> <span class='ocrx_word' id='word_1_166' title='bbox 659 2468 836 2534; x_wconf 83' lang='lat' dir='ltr'>lectoribus</span> <span class='ocrx_word' id='word_1_167' title='bbox 858 2467 1044 2535; x_wconf 85' lang='lat' dir='ltr'>memoriam</span> <span class='ocrx_word' id='word_1_168' title='bbox 1066 2468 1136 2536; x_wconf 88' lang='lat' dir='ltr'>eius</span> <span class='ocrx_word' id='word_1_169' title='bbox 1156 2468 1221 2536; x_wconf 84' lang='lat' dir='ltr'>loci</span> <span class='ocrx_word' id='word_1_170' title='bbox 1244 2471 1372 2548; x_wconf 81' lang='lat' dir='ltr'>excitet,</span> 
     </span>
     <span class='ocr_line' id='line_1_21' title="bbox 194 2577 912 2664; baseline 0.003 -21"><span class='ocrx_word' id='word_1_171' title='bbox 194 2578 294 2653; x_wconf 85' lang='lat' dir='ltr'>¹ouius</span> <span class='ocrx_word' id='word_1_172' title='bbox 317 2577 557 2646; x_wconf 87' lang='lat' dir='ltr'>similitudinem</span> <span class='ocrx_word' id='word_1_173' title='bbox 581 2577 720 2663; x_wconf 83' lang='lat' dir='ltr'>aliquam</span> <span class='ocrx_word' id='word_1_174' title='bbox 744 2577 912 2664; x_wconf 77' lang='lat' dir='ltr'>expressit.</span> 
     </span>
    </p>
   </div>
   <div class='ocr_carea' id='block_1_3' title="bbox 678 2868 888 2881">
    <p class='ocr_par' dir='ltr' id='par_1_3' title="bbox 678 2868 888 2881">
     <span class='ocr_line' id='line_1_22' title="bbox 678 2868 888 2881; baseline 0 -2"><span class='ocrx_word' id='word_1_175' title='bbox 678 2868 888 2881; x_wconf 57' lang='lat' dir='ltr'>*m</span> 
     </span>
    </p>
   </div>
   <div class='ocr_carea' id='block_1_4' title="bbox 468 3096 1103 3334">
    <p class='ocr_par' dir='ltr' id='par_1_4' title="bbox 468 3096 1103 3334">
     <span class='ocr_line' id='line_1_23' title="bbox 692 3096 874 3170; baseline 0 -5"><span class='ocrx_word' id='word_1_176' title='bbox 692 3096 780 3170; x_wconf 78' lang='lat' dir='ltr'>Car.</span> <span class='ocrx_word' id='word_1_177' title='bbox 811 3098 874 3165; x_wconf 83' lang='grc' dir='ltr'><strong>ΙΙΙ.</strong></span> 
     </span>
     <span class='ocr_line' id='line_1_24' title="bbox 468 3254 1103 3334; baseline 0.003 -17"><span class='ocrx_word' id='word_1_178' title='bbox 468 3255 508 3317; x_wconf 69' lang='lat' dir='ltr'>ue</span> <span class='ocrx_word' id='word_1_179' title='bbox 529 3254 675 3334; x_wconf 61' lang='lat' dir='ltr'>Aulestes</span> <span class='ocrx_word' id='word_1_180' title='bbox 695 3256 902 3333; x_wconf 66' lang='lat' dir='ltr'>conpotum</span> <span class='ocrx_word' id='word_1_181' title='bbox 922 3262 952 3319; x_wconf 83' lang='lat' dir='ltr'>et</span> <span class='ocrx_word' id='word_1_182' title='bbox 973 3256 1103 3319; x_wconf 65' lang='lat' dir='ltr'>oestro.</span> 
     </span>
    </p>
   </div>
   <div class='ocr_carea' id='block_1_5' title="bbox 196 3454 1367 4431">
    <p class='ocr_par' dir='ltr' id='par_1_5' title="bbox 196 3454 1367 4431">
     <span class='ocr_line' id='line_1_25' title="bbox 284 3454 1367 3542; baseline -0.002 -19"><span class='ocrx_word' id='word_1_183' title='bbox 284 3455 419 3523; x_wconf 78' lang='lat' dir='ltr'>Tacitus</span> <span class='ocrx_word' id='word_1_184' title='bbox 439 3477 637 3542; x_wconf 84' lang='lat' dir='ltr'>quamquam</span> <span class='ocrx_word' id='word_1_185' title='bbox 658 3454 730 3541; x_wconf 89' lang='lat' dir='ltr'>ipse</span> <span class='ocrx_word' id='word_1_186' title='bbox 752 3454 920 3542; x_wconf 85' lang='lat' dir='ltr'>professus</span> <span class='ocrx_word' id='word_1_187' title='bbox 947 3468 1007 3534; x_wconf 89' lang='lat' dir='ltr'>est,</span> <span class='ocrx_word' id='word_1_188' title='bbox 1029 3478 1086 3521; x_wconf 89' lang='lat' dir='ltr'>cur</span> <span class='ocrx_word' id='word_1_189' title='bbox 1107 3456 1203 3521; x_wconf 78' lang='lat' dir='ltr'>vitam</span> <span class='ocrx_word' id='word_1_190' title='bbox 1225 3454 1367 3541; x_wconf 84' lang='lat' dir='ltr'>Agrico·</span> 
     </span>
     <span class='ocr_line' id='line_1_26' title="bbox 198 3564 1367 3655; baseline -0.004 -22"><span class='ocrx_word' id='word_1_191' title='bbox 198 3568 248 3633; x_wconf 88' lang='lat' dir='ltr'>lue</span> <span class='ocrx_word' id='word_1_192' title='bbox 271 3565 375 3633; x_wconf 89' lang='lat' dir='ltr'>soceri</span> <span class='ocrx_word' id='word_1_193' title='bbox 396 3565 449 3631; x_wconf 94' lang='lat' dir='ltr'>sui</span> <span class='ocrx_word' id='word_1_194' title='bbox 471 3564 699 3653; x_wconf 82' lang='lat' dir='ltr'>composuerit,</span> <span class='ocrx_word' id='word_1_195' title='bbox 722 3576 828 3631; x_wconf 89' lang='lat' dir='ltr'>tamen</span> <span class='ocrx_word' id='word_1_196' title='bbox 852 3589 917 3651; x_wconf 86' lang='lat' dir='ltr'>qua</span> <span class='ocrx_word' id='word_1_197' title='bbox 937 3567 990 3632; x_wconf 85' lang='lat' dir='ltr'>via</span> <span class='ocrx_word' id='word_1_198' title='bbox 1011 3567 1046 3630; x_wconf 91' lang='lat' dir='ltr'>id</span> <span class='ocrx_word' id='word_1_199' title='bbox 1067 3564 1247 3655; x_wconf 80' lang='lat' dir='ltr'>perfecerit,</span> <span class='ocrx_word' id='word_1_200' title='bbox 1271 3565 1367 3651; x_wconf 91' lang='lat' dir='ltr'>quid-</span> 
     </span>
     <span class='ocr_line' id='line_1_27' title="bbox 199 3674 1366 3765; baseline -0.002 -20"><span class='ocrx_word' id='word_1_201' title='bbox 199 3700 262 3765; x_wconf 88' lang='lat' dir='ltr'>que</span> <span class='ocrx_word' id='word_1_202' title='bbox 290 3678 324 3743; x_wconf 90' lang='lat' dir='ltr'>in</span> <span class='ocrx_word' id='word_1_203' title='bbox 347 3698 386 3743; x_wconf 88' lang='lat' dir='ltr'>eo</span> <span class='ocrx_word' id='word_1_204' title='bbox 408 3674 517 3741; x_wconf 86' lang='lat' dir='ltr'>libello</span> <span class='ocrx_word' id='word_1_205' title='bbox 539 3675 677 3743; x_wconf 85' lang='lat' dir='ltr'>voluerit</span> <span class='ocrx_word' id='word_1_206' title='bbox 698 3676 912 3763; x_wconf 87' lang='lat' dir='ltr'>praecipuum</span> <span class='ocrx_word' id='word_1_207' title='bbox 933 3676 1063 3756; x_wconf 87' lang='lat' dir='ltr'>haberi,</span> <span class='ocrx_word' id='word_1_208' title='bbox 1093 3676 1146 3743; x_wconf 86' lang='lat' dir='ltr'>cui</span> <span class='ocrx_word' id='word_1_209' title='bbox 1167 3687 1274 3743; x_wconf 74' lang='lat' dir='ltr'>oetam</span> <span class='ocrx_word' id='word_1_210' title='bbox 1296 3687 1366 3743; x_wconf 88' lang='lat' dir='ltr'>tau-</span> 
     </span>
     <span class='ocr_line' id='line_1_28' title="bbox 199 3785 1367 3875; baseline -0.002 -22"><span class='ocrx_word' id='word_1_211' title='bbox 199 3811 295 3875; x_wconf 82' lang='lat' dir='ltr'>quam</span> <span class='ocrx_word' id='word_1_212' title='bbox 329 3786 494 3853; x_wconf 84' lang='lat' dir='ltr'>subiectae</span> <span class='ocrx_word' id='word_1_213' title='bbox 529 3796 637 3875; x_wconf 83' lang='lat' dir='ltr'>partes</span> <span class='ocrx_word' id='word_1_214' title='bbox 673 3785 849 3865; x_wconf 89' lang='lat' dir='ltr'>servirent,</span> <span class='ocrx_word' id='word_1_215' title='bbox 885 3786 994 3853; x_wconf 91' lang='lat' dir='ltr'>multis</span> <span class='ocrx_word' id='word_1_216' title='bbox 1027 3810 1141 3875; x_wconf 83' lang='lat' dir='ltr'>parum</span> <span class='ocrx_word' id='word_1_217' title='bbox 1165 3786 1367 3873; x_wconf 81' lang='lat' dir='ltr'>exploratum</span> 
     </span>
     <span class='ocr_line' id='line_1_29' title="bbox 198 3895 1366 3985; baseline -0.003 -22"><span class='ocrx_word' id='word_1_218' title='bbox 198 3898 333 3967; x_wconf 88' lang='lat' dir='ltr'>videtur.</span> <span class='ocrx_word' id='word_1_219' title='bbox 371 3896 527 3965; x_wconf 88' lang='lat' dir='ltr'>Omnium</span> <span class='ocrx_word' id='word_1_220' title='bbox 547 3896 678 3963; x_wconf 87' lang='lat' dir='ltr'>minime</span> <span class='ocrx_word' id='word_1_221' title='bbox 700 3908 807 3961; x_wconf 89' lang='lat' dir='ltr'>tamen</span> <span class='ocrx_word' id='word_1_222' title='bbox 821 3918 932 3961; x_wconf 85' lang='lat' dir='ltr'>eorum</span> <span class='ocrx_word' id='word_1_223' title='bbox 948 3898 1119 3985; x_wconf 84' lang='lat' dir='ltr'>probanda</span> <span class='ocrx_word' id='word_1_224' title='bbox 1133 3909 1182 3963; x_wconf 83' lang='lat' dir='ltr'>est</span> <span class='ocrx_word' id='word_1_225' title='bbox 1195 3895 1366 3974; x_wconf 86' lang='lat' dir='ltr'>sententia,</span> 
     </span>
     <span class='ocr_line' id='line_1_30' title="bbox 197 4006 1366 4097; baseline -0.006 -22"><span class='ocrx_word' id='word_1_226' title='bbox 197 4008 252 4097; x_wconf 91' lang='lat' dir='ltr'>qui</span> <span class='ocrx_word' id='word_1_227' title='bbox 275 4030 402 4075; x_wconf 88' lang='lat' dir='ltr'>summa</span> <span class='ocrx_word' id='word_1_228' title='bbox 424 4006 594 4083; x_wconf 79' lang='lat' dir='ltr'>dulcedine</span> <span class='ocrx_word' id='word_1_229' title='bbox 624 4022 656 4073; x_wconf 89' lang='lat' dir='ltr'>et</span> <span class='ocrx_word' id='word_1_230' title='bbox 679 4006 878 4093; x_wconf 87' lang='lat' dir='ltr'>praestantia</span> <span class='ocrx_word' id='word_1_231' title='bbox 900 4007 1008 4095; x_wconf 86' lang='lat' dir='ltr'>operis</span> <span class='ocrx_word' id='word_1_232' title='bbox 1032 4008 1118 4096; x_wconf 82' lang='lat' dir='ltr'>capti</span> <span class='ocrx_word' id='word_1_233' title='bbox 1141 4019 1174 4073; x_wconf 88' lang='lat' dir='ltr'>et</span> <span class='ocrx_word' id='word_1_234' title='bbox 1192 4006 1287 4093; x_wconf 85' lang='lat' dir='ltr'>quasi</span> <span class='ocrx_word' id='word_1_235' title='bbox 1300 4027 1366 4069; x_wconf 85' lang='lat' dir='ltr'>oo-</span> 
     </span>
     <span class='ocr_line' id='line_1_31' title="bbox 198 4116 1367 4205; baseline -0.006 -19"><span class='ocrx_word' id='word_1_236' title='bbox 198 4118 320 4186; x_wconf 85' lang='lat' dir='ltr'>eoeeati</span> <span class='ocrx_word' id='word_1_237' title='bbox 348 4118 394 4183; x_wconf 84' lang='lat' dir='ltr'>ita</span> <span class='ocrx_word' id='word_1_238' title='bbox 420 4117 453 4183; x_wconf 90' lang='lat' dir='ltr'>in</span> <span class='ocrx_word' id='word_1_239' title='bbox 482 4140 558 4185; x_wconf 85' lang='lat' dir='ltr'>vero</span> <span class='ocrx_word' id='word_1_240' title='bbox 580 4116 723 4185; x_wconf 87' lang='lat' dir='ltr'>videndo</span> <span class='ocrx_word' id='word_1_241' title='bbox 745 4116 894 4205; x_wconf 89' lang='lat' dir='ltr'>impediti</span> <span class='ocrx_word' id='word_1_242' title='bbox 917 4132 1007 4195; x_wconf 89' lang='lat' dir='ltr'>sunt,</span> <span class='ocrx_word' id='word_1_243' title='bbox 1036 4130 1160 4187; x_wconf 86' lang='lat' dir='ltr'>utnon</span> <span class='ocrx_word' id='word_1_244' title='bbox 1185 4116 1367 4185; x_wconf 87' lang='lat' dir='ltr'>dubitarent</span> 
     </span>
     <span class='ocr_line' id='line_1_32' title="bbox 196 4218 1366 4321; baseline -0.005 -24"><span class='ocrx_word' id='word_1_245' title='bbox 196 4228 393 4321; x_wconf 82' lang='lat' dir='ltr'>contendere</span> <span class='ocrx_word' id='word_1_246' title='bbox 421 4250 462 4295; x_wconf 90' lang='lat' dir='ltr'>eo</span> <span class='ocrx_word' id='word_1_247' title='bbox 490 4250 590 4317; x_wconf 85' lang='lat' dir='ltr'>opere</span> <span class='ocrx_word' id='word_1_248' title='bbox 610 4228 716 4317; x_wconf 87' lang='lat' dir='ltr'>ipsam</span> <span class='ocrx_word' id='word_1_249' title='bbox 738 4227 873 4294; x_wconf 79' lang='lat' dir='ltr'>formam</span> <span class='ocrx_word' id='word_1_250' title='bbox 893 4241 991 4315; x_wconf 74' lang='lat' dir='ltr'>atque</span> <span class='ocrx_word' id='word_1_251' title='bbox 1012 4228 1155 4318; x_wconf 85' lang='lat' dir='ltr'>speciem</span> <span class='ocrx_word' id='word_1_252' title='bbox 1177 4228 1261 4293; x_wconf 85' lang='lat' dir='ltr'>ritae</span> <span class='ocrx_word' id='word_1_253' title='bbox 1282 4218 1366 4291; x_wconf 82' lang='lat' dir='ltr'>anti·</span> 
     </span>
     <span class='ocr_line' id='line_1_33' title="bbox 198 4337 1366 4431; baseline 0.001 -24"><span class='ocrx_word' id='word_1_254' title='bbox 198 4361 337 4431; x_wconf 89' lang='lat' dir='ltr'>quorum</span> <span class='ocrx_word' id='word_1_255' title='bbox 358 4360 448 4407; x_wconf 86' lang='lat' dir='ltr'>more</span> <span class='ocrx_word' id='word_1_256' title='bbox 470 4338 661 4407; x_wconf 79' lang='lat' dir='ltr'>scribendae</span> <span class='ocrx_word' id='word_1_257' title='bbox 685 4360 757 4403; x_wconf 89' lang='lat' dir='ltr'>esse</span> <span class='ocrx_word' id='word_1_258' title='bbox 779 4340 993 4428; x_wconf 83' lang='lat' dir='ltr'>propositam,</span> <span class='ocrx_word' id='word_1_259' title='bbox 1014 4340 1252 4427; x_wconf 78' lang='lat' dir='ltr'>Agricolaeque</span> <span class='ocrx_word' id='word_1_260' title='bbox 1267 4337 1366 4408; x_wconf 76' lang='lat' dir='ltr'>vitam</span> 
     </span>
    </p>
   </div>
   <div class='ocr_carea' id='block_1_6' title="bbox 0 0 1538 4867">
    <p class='ocr_par' dir='ltr' id='par_1_6' title="bbox 0 0 1538 4867">
     <span class='ocr_line' id='line_1_34' title="bbox 0 0 1538 4867; baseline 0 2"><span class='ocrx_word' id='word_1_261' title='bbox 0 0 1538 4867; x_wconf 95' lang='lat' dir='ltr'> </span> 
     </span>
    </p>
   </div>
  </div>
 </body>
</html>
