<?xml version="1.0" encoding="UTF-8"?>
<!DOCTYPE html PUBLIC "-//W3C//DTD XHTML 1.0 Transitional//EN"
    "http://www.w3.org/TR/xhtml1/DTD/xhtml1-transitional.dtd">
<html xmlns="http://www.w3.org/1999/xhtml" xml:lang="en" lang="en">
 <head>
  <title>
</title>
<meta http-equiv="Content-Type" content="text/html;charset=utf-8" />
  <meta name='ocr-system' content='tesseract 3.04.00' />
  <meta name='ocr-capabilities' content='ocr_page ocr_carea ocr_par ocr_line ocrx_word'/>
</head>
<body>
  <div class='ocr_page' id='page_1' title='image "./pcorneliitaciti00wexgoog/pcorneliitaciti00wexgoog_0078.png"; bbox 0 0 3067 4867; ppageno 0'>
   <div class='ocr_carea' id='block_1_1' title="bbox 180 302 929 381">
    <p class='ocr_par' dir='ltr' id='par_1_1' title="bbox 180 302 929 381">
     <span class='ocr_line' id='line_1_1' title="bbox 180 302 929 381; baseline 0.003 -16"><span class='ocrx_word' id='word_1_1' title='bbox 180 304 223 381; x_wconf 72' lang='lat' dir='ltr'>os</span> <span class='ocrx_word' id='word_1_2' title='bbox 599 302 929 369; x_wconf 81' lang='lat' dir='ltr'>counnmrmcur</span> 
     </span>
    </p>
   </div>
   <div class='ocr_carea' id='block_1_2' title="bbox 166 494 1379 1355">
    <p class='ocr_par' dir='ltr' id='par_1_2' title="bbox 179 494 1379 697">
     <span class='ocr_line' id='line_1_2' title="bbox 181 494 1379 581; baseline 0.006 -20"><span class='ocrx_word' id='word_1_3' title='bbox 181 507 213 571; x_wconf 82' lang='lat' dir='ltr'>et</span> <span class='ocrx_word' id='word_1_4' title='bbox 230 497 361 563; x_wconf 87' lang='lat' dir='ltr'>vincere</span> <span class='ocrx_word' id='word_1_5' title='bbox 389 494 566 581; x_wconf 77' lang='lat' dir='ltr'>inglorium</span> <span class='ocrx_word' id='word_1_6' title='bbox 597 507 629 562; x_wconf 90' lang='lat' dir='ltr'>et</span> <span class='ocrx_word' id='word_1_7' title='bbox 654 500 749 565; x_wconf 84' lang='lat' dir='ltr'>atteri</span> <span class='ocrx_word' id='word_1_8' title='bbox 777 498 944 576; x_wconf 85' lang='lat' dir='ltr'>sordidum</span> <span class='ocrx_word' id='word_1_9' title='bbox 972 497 1196 573; x_wconf 78' lang='lat' dir='ltr'>arbitrabatur.</span> <span class='ocrx_word' id='word_1_10' title='bbox 1239 499 1379 570; x_wconf 82' lang='lat' dir='ltr'>Minuet</span> 
     </span>
     <span class='ocr_line' id='line_1_3' title="bbox 179 607 1353 697; baseline 0.005 -25"><span class='ocrx_word' id='word_1_11' title='bbox 179 607 354 673; x_wconf 79' lang='lat' dir='ltr'>triennium</span> <span class='ocrx_word' id='word_1_12' title='bbox 379 607 413 669; x_wconf 92' lang='lat' dir='ltr'>in</span> <span class='ocrx_word' id='word_1_13' title='bbox 442 628 482 671; x_wconf 88' lang='lat' dir='ltr'>ea</span> <span class='ocrx_word' id='word_1_14' title='bbox 503 607 668 694; x_wconf 70' lang='lat' dir='ltr'>legatione</span> <span class='ocrx_word' id='word_1_15' title='bbox 691 609 842 677; x_wconf 86' lang='lat' dir='ltr'>detentus</span> <span class='ocrx_word' id='word_1_16' title='bbox 861 632 902 677; x_wconf 88' lang='lat' dir='ltr'>ac</span> <span class='ocrx_word' id='word_1_17' title='bbox 924 612 1032 678; x_wconf 82' lang='lat' dir='ltr'>statim</span> <span class='ocrx_word' id='word_1_18' title='bbox 1056 611 1098 679; x_wconf 90' lang='lat' dir='ltr'>ad</span> <span class='ocrx_word' id='word_1_19' title='bbox 1121 632 1215 697; x_wconf 82' lang='lat' dir='ltr'>apem</span> <span class='ocrx_word' id='word_1_20' title='bbox 1232 632 1353 680; x_wconf 87' lang='lat' dir='ltr'>consu-</span> 
     </span>
    </p>

    <p class='ocr_par' dir='ltr' id='par_1_3' title="bbox 179 716 1352 809">
     <span class='ocr_line' id='line_1_4' title="bbox 179 716 1352 809; baseline 0.008 -28"><span class='ocrx_word' id='word_1_21' title='bbox 179 716 266 781; x_wconf 86' lang='lat' dir='ltr'>latue</span> <span class='ocrx_word' id='word_1_22' title='bbox 285 725 458 783; x_wconf 78' lang='lat' dir='ltr'>revocatus</span> <span class='ocrx_word' id='word_1_23' title='bbox 482 728 540 795; x_wconf 85' lang='lat' dir='ltr'>eat,</span> <span class='ocrx_word' id='word_1_24' title='bbox 563 720 739 788; x_wconf 87' lang='lat' dir='ltr'>comitante</span> <span class='ocrx_word' id='word_1_25' title='bbox 761 721 919 806; x_wconf 89' lang='lat' dir='ltr'>opinione</span> <span class='ocrx_word' id='word_1_26' title='bbox 941 722 1144 789; x_wconf 68' lang='lat' dir='ltr'>Britanniam</span> <span class='ocrx_word' id='word_1_27' title='bbox 1165 724 1196 787; x_wconf 89' lang='lat' dir='ltr'>ei</span> <span class='ocrx_word' id='word_1_28' title='bbox 1217 724 1352 809; x_wconf 85' lang='lat' dir='ltr'>provin·</span> 
     </span>
    </p>

    <p class='ocr_par' dir='ltr' id='par_1_4' title="bbox 166 827 1352 919">
     <span class='ocr_line' id='line_1_5' title="bbox 166 827 1352 919; baseline 0.005 -26"><span class='ocrx_word' id='word_1_29' title='bbox 166 830 263 895; x_wconf 69' lang='lat' dir='ltr'>,ciam</span> <span class='ocrx_word' id='word_1_30' title='bbox 285 827 371 905; x_wconf 86' lang='lat' dir='ltr'>dari,</span> <span class='ocrx_word' id='word_1_31' title='bbox 398 827 495 893; x_wconf 87' lang='lat' dir='ltr'>nullis</span> <span class='ocrx_word' id='word_1_32' title='bbox 516 831 550 893; x_wconf 91' lang='lat' dir='ltr'>in</span> <span class='ocrx_word' id='word_1_33' title='bbox 573 828 636 894; x_wconf 92' lang='lat' dir='ltr'>hoc</span> <span class='ocrx_word' id='word_1_34' title='bbox 658 832 726 897; x_wconf 80' lang='lat' dir='ltr'>suis</span> <span class='ocrx_word' id='word_1_35' title='bbox 748 830 970 909; x_wconf 85' lang='lat' dir='ltr'>sennonibue,</span> <span class='ocrx_word' id='word_1_36' title='bbox 998 832 1057 912; x_wconf 80' lang='lat' dir='ltr'>sed</span> <span class='ocrx_word' id='word_1_37' title='bbox 1078 834 1238 919; x_wconf 85' lang='lat' dir='ltr'>quia·par</span> <span class='ocrx_word' id='word_1_38' title='bbox 1258 833 1352 916; x_wconf 75' lang='lat' dir='ltr'>ylde-</span> 
     </span>
    </p>

    <p class='ocr_par' dir='ltr' id='par_1_5' title="bbox 180 920 1376 1147">
     <span class='ocr_line' id='line_1_6' title="bbox 180 920 1376 1029; baseline 0.004 -28"><span class='ocrx_word' id='word_1_39' title='bbox 180 937 283 1003; x_wconf 84' lang='lat' dir='ltr'>batur.</span> <span class='ocrx_word' id='word_1_40' title='bbox 328 920 430 1001; x_wconf 84' lang='lat' dir='ltr'>Haud</span> <span class='ocrx_word' id='word_1_41' title='bbox 459 960 588 1025; x_wconf 82' lang='lat' dir='ltr'>semper</span> <span class='ocrx_word' id='word_1_42' title='bbox 616 950 700 1005; x_wconf 88' lang='lat' dir='ltr'>errat</span> <span class='ocrx_word' id='word_1_43' title='bbox 721 940 824 1017; x_wconf 82' lang='lat' dir='ltr'>fama3</span> <span class='ocrx_word' id='word_1_44' title='bbox 853 942 1029 1027; x_wconf 87' lang='lat' dir='ltr'>aliquando</span> <span class='ocrx_word' id='word_1_45' title='bbox 1052 951 1085 1007; x_wconf 88' lang='lat' dir='ltr'>et</span> <span class='ocrx_word' id='word_1_46' title='bbox 1106 943 1214 1029; x_wconf 87' lang='lat' dir='ltr'>elegit.</span> <span class='ocrx_word' id='word_1_47' title='bbox 1262 941 1376 1007; x_wconf 74' lang='lat' dir='ltr'>Con-t</span> 
     </span>
     <span class='ocr_line' id='line_1_7' title="bbox 180 1048 1353 1147; baseline 0.003 -34"><span class='ocrx_word' id='word_1_48' title='bbox 180 1048 230 1113; x_wconf 84' lang='lat' dir='ltr'>sul</span> <span class='ocrx_word' id='word_1_49' title='bbox 260 1049 412 1133; x_wconf 81' lang='lat' dir='ltr'>egregiae</span> <span class='ocrx_word' id='word_1_50' title='bbox 439 1057 509 1113; x_wconf 87' lang='lat' dir='ltr'>tum</span> <span class='ocrx_word' id='word_1_51' title='bbox 540 1052 611 1137; x_wconf 92' lang='lat' dir='ltr'>spei</span> <span class='ocrx_word' id='word_1_52' title='bbox 634 1050 733 1117; x_wconf 89' lang='lat' dir='ltr'>filiam</span> <span class='ocrx_word' id='word_1_53' title='bbox 754 1053 867 1117; x_wconf 82' lang='lat' dir='ltr'>iuveni</span> <span class='ocrx_word' id='word_1_54' title='bbox 888 1052 968 1116; x_wconf 93' lang='lat' dir='ltr'>mihi</span> <span class='ocrx_word' id='word_1_55' title='bbox 990 1053 1183 1139; x_wconf 87' lang='lat' dir='ltr'>despondit,</span> <span class='ocrx_word' id='word_1_56' title='bbox 1212 1074 1251 1117; x_wconf 93' lang='lat' dir='ltr'>ac</span> <span class='ocrx_word' id='word_1_57' title='bbox 1276 1063 1353 1147; x_wconf 85' lang='lat' dir='ltr'>post</span> 
     </span>
    </p>

    <p class='ocr_par' dir='ltr' id='par_1_6' title="bbox 179 1144 1353 1250">
     <span class='ocr_line' id='line_1_8' title="bbox 179 1144 1353 1250; baseline 0.002 -25"><span class='ocrx_word' id='word_1_58' title='bbox 179 1158 385 1225; x_wconf 85' lang='lat' dir='ltr'>consulatum</span> <span class='ocrx_word' id='word_1_59' title='bbox 418 1144 605 1237; x_wconf 80' lang='lat' dir='ltr'>cossocavit3</span> <span class='ocrx_word' id='word_1_60' title='bbox 645 1171 678 1227; x_wconf 89' lang='lat' dir='ltr'>et</span> <span class='ocrx_word' id='word_1_61' title='bbox 701 1164 809 1230; x_wconf 85' lang='lat' dir='ltr'>statim</span> <span class='ocrx_word' id='word_1_62' title='bbox 835 1164 1024 1229; x_wconf 76' lang='lat' dir='ltr'>Britanniae</span> <span class='ocrx_word' id='word_1_63' title='bbox 1053 1165 1263 1250; x_wconf 83' lang='lat' dir='ltr'>praepositus</span> <span class='ocrx_word' id='word_1_64' title='bbox 1294 1163 1353 1239; x_wconf 80' lang='lat' dir='ltr'>est,</span> 
     </span>
    </p>

    <p class='ocr_par' dir='ltr' id='par_1_7' title="bbox 180 1268 755 1355">
     <span class='ocr_line' id='line_1_9' title="bbox 180 1268 755 1355; baseline 0.007 -22"><span class='ocrx_word' id='word_1_65' title='bbox 180 1268 307 1334; x_wconf 86' lang='lat' dir='ltr'>adiecto</span> <span class='ocrx_word' id='word_1_66' title='bbox 331 1270 540 1355; x_wconf 87' lang='lat' dir='ltr'>pontificatus</span> <span class='ocrx_word' id='word_1_67' title='bbox 562 1268 755 1337; x_wconf 84' lang='lat' dir='ltr'>sacerdotio.</span> 
     </span>
    </p>
   </div>
   <div class='ocr_carea' id='block_1_3' title="bbox 113 1455 1407 4471">
    <p class='ocr_par' dir='ltr' id='par_1_8' title="bbox 113 1455 1407 4471">
     <span class='ocr_line' id='line_1_10' title="bbox 113 1455 1354 1529; baseline 0.001 -18"><span class='ocrx_word' id='word_1_68' title='bbox 113 1516 116 1522; x_wconf 62' lang='grc'>,</span> <span class='ocrx_word' id='word_1_69' title='bbox 216 1462 239 1511; x_wconf 90' lang='grc'>6.</span> <span class='ocrx_word' id='word_1_70' title='bbox 265 1455 365 1510; x_wconf 83' lang='lat' dir='ltr'>Minus</span> <span class='ocrx_word' id='word_1_71' title='bbox 382 1455 541 1525; x_wconf 77' lang='lat' dir='ltr'>triennium]</span> <span class='ocrx_word' id='word_1_72' title='bbox 561 1456 630 1513; x_wconf 85' lang='lat' dir='ltr'>Inde</span> <span class='ocrx_word' id='word_1_73' title='bbox 640 1458 675 1511; x_wconf 89' lang='lat' dir='ltr'>ab</span> <span class='ocrx_word' id='word_1_74' title='bbox 687 1458 745 1512; x_wconf 85' lang='lat' dir='ltr'>An·</span> <span class='ocrx_word' id='word_1_75' title='bbox 821 1459 908 1513; x_wconf 77' lang='lat' dir='ltr'>nuliis</span> <span class='ocrx_word' id='word_1_76' title='bbox 932 1489 967 1499; x_wconf 97' lang='lat'>—</span> <span class='ocrx_word' id='word_1_77' title='bbox 992 1456 1052 1511; x_wconf 63' lang='lat' dir='ltr'>sura</span> <span class='ocrx_word' id='word_1_78' title='bbox 1075 1458 1258 1529; x_wconf 62' lang='lat' dir='ltr'>sermondus]</span> <span class='ocrx_word' id='word_1_79' title='bbox 1288 1458 1354 1515; x_wconf 79' lang='lat' dir='ltr'>Scis</span> 
     </span>
     <span class='ocr_line' id='line_1_11' title="bbox 180 1532 1352 1607; baseline 0.004 -21"><span class='ocrx_word' id='word_1_80' title='bbox 180 1541 261 1603; x_wconf 86' lang='lat' dir='ltr'>gusto</span> <span class='ocrx_word' id='word_1_81' title='bbox 275 1541 390 1588; x_wconf 86' lang='lat' dir='ltr'>auctore</span> <span class='ocrx_word' id='word_1_82' title='bbox 399 1532 565 1588; x_wconf 79' lang='lat' dir='ltr'>Maecenate</span> <span class='ocrx_word' id='word_1_83' title='bbox 576 1534 744 1599; x_wconf 87' lang='lat' dir='ltr'>invaluerat,</span> <span class='ocrx_word' id='word_1_84' title='bbox 789 1536 859 1590; x_wconf 83' lang='lat' dir='ltr'>dixit</span> <span class='ocrx_word' id='word_1_85' title='bbox 870 1538 994 1603; x_wconf 84' lang='lat' dir='ltr'>Tacitus,</span> <span class='ocrx_word' id='word_1_86' title='bbox 1012 1535 1078 1607; x_wconf 88' lang='lat' dir='ltr'>quia</span> <span class='ocrx_word' id='word_1_87' title='bbox 1091 1536 1255 1607; x_wconf 86' lang='lat' dir='ltr'>interposita</span> <span class='ocrx_word' id='word_1_88' title='bbox 1265 1554 1352 1591; x_wconf 90' lang='lat' dir='ltr'>enun-</span> 
     </span>
     <span class='ocr_line' id='line_1_12' title="bbox 179 1606 1351 1683; baseline 0.014 -30"><span class='ocrx_word' id='word_1_89' title='bbox 179 1620 210 1664; x_wconf 67' lang='grc' dir='ltr'>ιιι</span> <span class='ocrx_word' id='word_1_90' title='bbox 230 1608 434 1682; x_wconf 74' lang='lat' dir='ltr'>provinciarum</span> <span class='ocrx_word' id='word_1_91' title='bbox 460 1610 604 1681; x_wconf 65' lang='lat' dir='ltr'>praesides</span> <span class='ocrx_word' id='word_1_92' title='bbox 623 1630 678 1667; x_wconf 80' lang='lat' dir='ltr'>non</span> <span class='ocrx_word' id='word_1_93' title='bbox 697 1610 745 1667; x_wconf 81' lang='lat' dir='ltr'>mi.</span> <span class='ocrx_word' id='word_1_94' title='bbox 788 1606 867 1661; x_wconf 77' lang='lat' dir='ltr'>ilalio</span> <span class='ocrx_word' id='word_1_95' title='bbox 893 1628 928 1663; x_wconf 75' lang='lat' dir='ltr'>ex</span> <span class='ocrx_word' id='word_1_96' title='bbox 945 1613 1096 1683; x_wconf 73' lang='lat' dir='ltr'>Agricolae</span> <span class='ocrx_word' id='word_1_97' title='bbox 1121 1613 1248 1667; x_wconf 70' lang='lat' dir='ltr'>Subleclo</span> <span class='ocrx_word' id='word_1_98' title='bbox 1267 1613 1351 1669; x_wconf 71' lang='grc'><strong>1116110</strong></span> 
     </span>
     <span class='ocr_line' id='line_1_13' title="bbox 179 1682 1352 1760; baseline 0.002 -17"><span class='ocrx_word' id='word_1_99' title='bbox 179 1707 229 1743; x_wconf 84' lang='lat' dir='ltr'>uus</span> <span class='ocrx_word' id='word_1_100' title='bbox 254 1706 337 1759; x_wconf 90' lang='lat' dir='ltr'>quam</span> <span class='ocrx_word' id='word_1_101' title='bbox 354 1687 502 1742; x_wconf 82' lang='lat' dir='ltr'>triennium</span> <span class='ocrx_word' id='word_1_102' title='bbox 521 1689 679 1760; x_wconf 85' lang='lat' dir='ltr'>provincias</span> <span class='ocrx_word' id='word_1_103' title='bbox 696 1688 744 1744; x_wconf 91' lang='lat' dir='ltr'>ob·</span> <span class='ocrx_word' id='word_1_104' title='bbox 787 1682 933 1742; x_wconf 74' lang='lat' dir='ltr'>inferendo</span> <span class='ocrx_word' id='word_1_105' title='bbox 953 1692 1067 1759; x_wconf 84' lang='lat' dir='ltr'>pendet,</span> <span class='ocrx_word' id='word_1_106' title='bbox 1087 1691 1115 1745; x_wconf 90' lang='lat' dir='ltr'>in</span> <span class='ocrx_word' id='word_1_107' title='bbox 1133 1693 1208 1745; x_wconf 87' lang='lat' dir='ltr'>hunc</span> <span class='ocrx_word' id='word_1_108' title='bbox 1226 1694 1352 1745; x_wconf 89' lang='lat' dir='ltr'>modum:</span> 
     </span>
     <span class='ocr_line' id='line_1_14' title="bbox 179 1764 1352 1837; baseline 0.002 -18"><span class='ocrx_word' id='word_1_109' title='bbox 179 1764 316 1827; x_wconf 86' lang='lat' dir='ltr'>linerent·,</span> <span class='ocrx_word' id='word_1_110' title='bbox 336 1768 368 1818; x_wconf 82' lang='lat' dir='ltr'>cl.</span> <span class='ocrx_word' id='word_1_111' title='bbox 387 1764 442 1818; x_wconf 91' lang='lat' dir='ltr'>Dio</span> <span class='ocrx_word' id='word_1_112' title='bbox 462 1764 537 1821; x_wconf 86' lang='lat' dir='ltr'>Cass.</span> <span class='ocrx_word' id='word_1_113' title='bbox 549 1766 610 1832; x_wconf 84' lang='lat' dir='ltr'>LII,</span> <span class='ocrx_word' id='word_1_114' title='bbox 625 1772 666 1823; x_wconf 83' lang='lat'>23.</span> <span class='ocrx_word' id='word_1_115' title='bbox 685 1769 742 1821; x_wconf 78' lang='grc' dir='ltr'>Καὶ</span> <span class='ocrx_word' id='word_1_116' title='bbox 787 1778 955 1833; x_wconf 73' lang='lat' dir='ltr'>quemqnam</span> <span class='ocrx_word' id='word_1_117' title='bbox 971 1768 1032 1837; x_wconf 80' lang='lat' dir='ltr'>ipae</span> <span class='ocrx_word' id='word_1_118' title='bbox 1049 1767 1105 1823; x_wconf 83' lang='lat' dir='ltr'>sais</span> <span class='ocrx_word' id='word_1_119' title='bbox 1116 1766 1291 1822; x_wconf 70' lang='lat' dir='ltr'>sermonibus</span> <span class='ocrx_word' id='word_1_120' title='bbox 1303 1768 1352 1821; x_wconf 90' lang='lat' dir='ltr'>mi·</span> 
     </span>
     <span class='ocr_line' id='line_1_15' title="bbox 179 1836 1351 1917; baseline 0.001 -19"><span class='ocrx_word' id='word_1_121' title='bbox 179 1842 339 1917; x_wconf 76' lang='grc' dir='ltr'><em>ἀρχέτωσαν</em></span> <span class='ocrx_word' id='word_1_122' title='bbox 365 1839 452 1911; x_wconf 80' lang='grc' dir='ltr'><em>μήτε</em></span> <span class='ocrx_word' id='word_1_123' title='bbox 480 1844 631 1899; x_wconf 78' lang='grc' dir='ltr'><strong><em>ἔλαττον</em></strong></span> <span class='ocrx_word' id='word_1_124' title='bbox 660 1845 744 1899; x_wconf 69' lang='grc' dir='ltr'>ἐτῶν</span> <span class='ocrx_word' id='word_1_125' title='bbox 787 1836 861 1893; x_wconf 72' lang='lat' dir='ltr'>nime</span> <span class='ocrx_word' id='word_1_126' title='bbox 879 1839 908 1894; x_wconf 82' lang='lat' dir='ltr'>id</span> <span class='ocrx_word' id='word_1_127' title='bbox 926 1845 1043 1913; x_wconf 77' lang='lat' dir='ltr'>agebat,</span> <span class='ocrx_word' id='word_1_128' title='bbox 1060 1853 1092 1898; x_wconf 82' lang='lat' dir='ltr'>ut</span> <span class='ocrx_word' id='word_1_129' title='bbox 1110 1862 1173 1899; x_wconf 80' lang='lat' dir='ltr'>eam</span> <span class='ocrx_word' id='word_1_130' title='bbox 1191 1844 1351 1915; x_wconf 85' lang='lat' dir='ltr'>opinionem</span> 
     </span>
     <span class='ocr_line' id='line_1_16' title="bbox 179 1916 1407 1991; baseline 0.003 -19"><span class='ocrx_word' id='word_1_131' title='bbox 179 1923 284 1991; x_wconf 74' lang='grc' dir='ltr'><em>τριῶν</em></span> <span class='ocrx_word' id='word_1_132' title='bbox 303 1920 342 1989; x_wconf 75' lang='grc' dir='ltr'>(εἰ</span> <span class='ocrx_word' id='word_1_133' title='bbox 358 1918 398 1988; x_wconf 73' lang='grc' dir='ltr'>μή</span> <span class='ocrx_word' id='word_1_134' title='bbox 418 1940 456 1981; x_wconf 75' lang='grc' dir='ltr'>τις</span> <span class='ocrx_word' id='word_1_135' title='bbox 473 1916 613 1989; x_wconf 74' lang='grc' dir='ltr'><em>ἀδικήσειέ</em></span> <span class='ocrx_word' id='word_1_136' title='bbox 628 1921 680 1988; x_wconf 84' lang='grc' dir='ltr'>τι),</span> <span class='ocrx_word' id='word_1_137' title='bbox 704 1916 743 1989; x_wconf 67' lang='grc' dir='ltr'>μή</span> <span class='ocrx_word' id='word_1_138' title='bbox 786 1916 930 1972; x_wconf 77' lang='lat' dir='ltr'>excitarat.</span> <span class='ocrx_word' id='word_1_139' title='bbox 953 1951 989 1963; x_wconf 88' lang='lat'>-·-</span> <span class='ocrx_word' id='word_1_140' title='bbox 1012 1923 1057 1977; x_wconf 87' lang='lat' dir='ltr'>De</span> <span class='ocrx_word' id='word_1_141' title='bbox 1080 1922 1173 1977; x_wconf 75' lang='lat' dir='ltr'>vorbis</span> <span class='ocrx_word' id='word_1_142' title='bbox 1195 1924 1225 1976; x_wconf 84' lang='lat' dir='ltr'>in</span> <span class='ocrx_word' id='word_1_143' title='bbox 1248 1924 1300 1976; x_wconf 75' lang='lat' dir='ltr'>hoc</span> <span class='ocrx_word' id='word_1_144' title='bbox 1325 1942 1351 1978; x_wconf 85' lang='lat' dir='ltr'>v.</span> <span class='ocrx_word' id='word_1_145' title='bbox 1403 1977 1407 1982; x_wconf 74' lang='grc'>,</span> 
     </span>
     <span class='ocr_line' id='line_1_17' title="bbox 178 1994 950 2067; baseline 0 -14"><span class='ocrx_word' id='word_1_146' title='bbox 178 2002 276 2053; x_wconf 81' lang='grc' dir='ltr'><em>πλεῖον</em></span> <span class='ocrx_word' id='word_1_147' title='bbox 293 2000 383 2061; x_wconf 76' lang='grc' dir='ltr'>πέντε,</span> <span class='ocrx_word' id='word_1_148' title='bbox 407 2014 573 2067; x_wconf 88' lang='lat' dir='ltr'>quamquam</span> <span class='ocrx_word' id='word_1_149' title='bbox 593 1997 621 2051; x_wconf 90' lang='lat' dir='ltr'>id</span> <span class='ocrx_word' id='word_1_150' title='bbox 635 1998 742 2051; x_wconf 88' lang='lat' dir='ltr'>institu-</span> <span class='ocrx_word' id='word_1_151' title='bbox 786 1994 821 2045; x_wconf 77' lang='lat' dir='ltr'>ad</span> <span class='ocrx_word' id='word_1_152' title='bbox 841 2011 864 2049; x_wconf 80' lang='lat' dir='ltr'>c</span> <span class='ocrx_word' id='word_1_153' title='bbox 884 2000 908 2063; x_wconf 79' lang='lat'>8,</span> <span class='ocrx_word' id='word_1_154' title='bbox 925 2002 950 2053; x_wconf 86' lang='lat'>3.</span> 
     </span>
     <span class='ocr_line' id='line_1_18' title="bbox 177 2071 1350 2145; baseline -0.002 -16"><span class='ocrx_word' id='word_1_155' title='bbox 177 2083 236 2129; x_wconf 87' lang='lat' dir='ltr'>tum</span> <span class='ocrx_word' id='word_1_156' title='bbox 261 2092 316 2129; x_wconf 91' lang='lat' dir='ltr'>uon</span> <span class='ocrx_word' id='word_1_157' title='bbox 337 2071 441 2145; x_wconf 90' lang='lat' dir='ltr'>ubique</span> <span class='ocrx_word' id='word_1_158' title='bbox 461 2081 590 2129; x_wconf 90' lang='lat' dir='ltr'>accurate</span> <span class='ocrx_word' id='word_1_159' title='bbox 611 2076 742 2129; x_wconf 86' lang='lat' dir='ltr'>observa·</span> <span class='ocrx_word' id='word_1_160' title='bbox 820 2076 845 2126; x_wconf 81' lang='grc'>1.</span> <span class='ocrx_word' id='word_1_161' title='bbox 872 2075 960 2145; x_wconf 85' lang='lat' dir='ltr'>erret]</span> <span class='ocrx_word' id='word_1_162' title='bbox 983 2074 1002 2129; x_wconf 87' lang='lat' dir='ltr'>i.</span> <span class='ocrx_word' id='word_1_163' title='bbox 1029 2092 1054 2129; x_wconf 88' lang='lat' dir='ltr'>a.</span> <span class='ocrx_word' id='word_1_164' title='bbox 1073 2075 1174 2142; x_wconf 77' lang='lat' dir='ltr'>salsos</span> <span class='ocrx_word' id='word_1_165' title='bbox 1206 2074 1264 2130; x_wconf 84' lang='lat' dir='ltr'>si-vc</span> <span class='ocrx_word' id='word_1_166' title='bbox 1296 2092 1350 2127; x_wconf 89' lang='lat' dir='ltr'>uon</span> 
     </span>
     <span class='ocr_line' id='line_1_19' title="bbox 179 2148 1351 2223; baseline -0.001 -15"><span class='ocrx_word' id='word_1_167' title='bbox 179 2152 271 2208; x_wconf 87' lang='lat' dir='ltr'>batur.</span> <span class='ocrx_word' id='word_1_168' title='bbox 785 2148 902 2202; x_wconf 76' lang='lat' dir='ltr'>idoneos</span> <span class='ocrx_word' id='word_1_169' title='bbox 929 2151 1057 2223; x_wconf 78' lang='lat' dir='ltr'>designat</span> <span class='ocrx_word' id='word_1_170' title='bbox 1079 2152 1233 2210; x_wconf 87' lang='lat' dir='ltr'>honoribus</span> <span class='ocrx_word' id='word_1_171' title='bbox 1251 2170 1351 2223; x_wconf 84' lang='lat' dir='ltr'>geren·</span> 
     </span>
     <span class='ocr_line' id='line_1_20' title="bbox 212 2224 839 2297; baseline -0.003 -14"><span class='ocrx_word' id='word_1_172' title='bbox 212 2230 243 2283; x_wconf 85' lang='lat' dir='ltr'>in</span> <span class='ocrx_word' id='word_1_173' title='bbox 261 2246 294 2282; x_wconf 87' lang='lat' dir='ltr'>ea</span> <span class='ocrx_word' id='word_1_174' title='bbox 314 2226 461 2297; x_wconf 69' lang='lat' dir='ltr'>leontinae]</span> <span class='ocrx_word' id='word_1_175' title='bbox 487 2225 504 2281; x_wconf 89' lang='lat' dir='ltr'>i.</span> <span class='ocrx_word' id='word_1_176' title='bbox 530 2244 554 2281; x_wconf 86' lang='lat' dir='ltr'>e.</span> <span class='ocrx_word' id='word_1_177' title='bbox 580 2227 608 2283; x_wconf 90' lang='lat' dir='ltr'>in</span> <span class='ocrx_word' id='word_1_178' title='bbox 631 2246 664 2285; x_wconf 90' lang='lat' dir='ltr'>eo</span> <span class='ocrx_word' id='word_1_179' title='bbox 683 2247 741 2282; x_wconf 92' lang='lat' dir='ltr'>mu·</span> <span class='ocrx_word' id='word_1_180' title='bbox 787 2224 839 2281; x_wconf 85' lang='lat' dir='ltr'>dis.</span> 
     </span>
     <span class='ocr_line' id='line_1_21' title="bbox 178 2304 1350 2377; baseline 0 -16"><span class='ocrx_word' id='word_1_181' title='bbox 178 2325 244 2362; x_wconf 88' lang='lat' dir='ltr'>nere</span> <span class='ocrx_word' id='word_1_182' title='bbox 267 2305 352 2377; x_wconf 84' lang='lat' dir='ltr'>legati</span> <span class='ocrx_word' id='word_1_183' title='bbox 370 2324 422 2377; x_wconf 91' lang='lat' dir='ltr'>pro</span> <span class='ocrx_word' id='word_1_184' title='bbox 441 2313 579 2375; x_wconf 87' lang='lat' dir='ltr'>praetore.</span> <span class='ocrx_word' id='word_1_185' title='bbox 820 2304 989 2374; x_wconf 77' lang='lat' dir='ltr'>aliqnando]</span> <span class='ocrx_word' id='word_1_186' title='bbox 1010 2304 1028 2359; x_wconf 93' lang='lat' dir='ltr'>i.</span> <span class='ocrx_word' id='word_1_187' title='bbox 1048 2324 1074 2362; x_wconf 90' lang='lat' dir='ltr'>e.</span> <span class='ocrx_word' id='word_1_188' title='bbox 1094 2306 1248 2374; x_wconf 69' lang='lat' dir='ltr'>interdum</span> <span class='ocrx_word' id='word_1_189' title='bbox 1273 2307 1308 2361; x_wconf 84' lang='lat' dir='ltr'>cf.</span> <span class='ocrx_word' id='word_1_190' title='bbox 1327 2325 1350 2361; x_wconf 91' lang='lat' dir='ltr'>c.</span> 
     </span>
     <span class='ocr_line' id='line_1_22' title="bbox 213 2383 1350 2452; baseline 0.003 -15"><span class='ocrx_word' id='word_1_191' title='bbox 213 2384 347 2452; x_wconf 80' lang='lat' dir='ltr'>detentus]</span> <span class='ocrx_word' id='word_1_192' title='bbox 383 2383 475 2447; x_wconf 90' lang='lat' dir='ltr'>Quum</span> <span class='ocrx_word' id='word_1_193' title='bbox 498 2384 741 2446; x_wconf 79' lang='lat' dir='ltr'>detineantur,</span> <span class='ocrx_word' id='word_1_194' title='bbox 786 2384 815 2444; x_wconf 83' lang='lat'>8,</span> <span class='ocrx_word' id='word_1_195' title='bbox 835 2386 859 2435; x_wconf 80' lang='lat'>2.</span> <span class='ocrx_word' id='word_1_196' title='bbox 881 2387 976 2447; x_wconf 53' lang='grc'>,17,2»</span> <span class='ocrx_word' id='word_1_197' title='bbox 1010 2383 1099 2448; x_wconf 79' lang='grc' dir='ltr'>28,ὃ.</span> <span class='ocrx_word' id='word_1_198' title='bbox 1134 2389 1225 2449; x_wconf 81' lang='grc'>37,3.</span> <span class='ocrx_word' id='word_1_199' title='bbox 1259 2389 1305 2452; x_wconf 78' lang='lat'>38,</span> <span class='ocrx_word' id='word_1_200' title='bbox 1324 2390 1350 2439; x_wconf 84' lang='lat'>2.</span> 
     </span>
     <span class='ocr_line' id='line_1_23' title="bbox 178 2457 1002 2532; baseline -0.001 -17"><span class='ocrx_word' id='word_1_201' title='bbox 178 2462 229 2532; x_wconf 75' lang='lat' dir='ltr'>qni</span> <span class='ocrx_word' id='word_1_202' title='bbox 241 2461 299 2515; x_wconf 84' lang='lat' dir='ltr'>aiio</span> <span class='ocrx_word' id='word_1_203' title='bbox 307 2468 474 2530; x_wconf 78' lang='lat' dir='ltr'>properant,</span> <span class='ocrx_word' id='word_1_204' title='bbox 492 2459 521 2513; x_wconf 92' lang='lat' dir='ltr'>iu</span> <span class='ocrx_word' id='word_1_205' title='bbox 535 2462 589 2515; x_wconf 89' lang='lat' dir='ltr'>hac</span> <span class='ocrx_word' id='word_1_206' title='bbox 604 2462 741 2516; x_wconf 87' lang='lat' dir='ltr'>vocabulo</span> <span class='ocrx_word' id='word_1_207' title='bbox 784 2457 856 2512; x_wconf 74' lang='lat' dir='ltr'>Hira</span> <span class='ocrx_word' id='word_1_208' title='bbox 877 2459 900 2522; x_wconf 91' lang='lat'>1,</span> <span class='ocrx_word' id='word_1_209' title='bbox 917 2464 960 2524; x_wconf 82' lang='lat'>30,</span> <span class='ocrx_word' id='word_1_210' title='bbox 978 2465 1002 2514; x_wconf 89' lang='grc'>4.</span> 
     </span>
     <span class='ocr_line' id='line_1_24' title="bbox 177 2535 1351 2609; baseline -0.003 -16"><span class='ocrx_word' id='word_1_211' title='bbox 177 2542 203 2593; x_wconf 87' lang='lat' dir='ltr'>h.</span> <span class='ocrx_word' id='word_1_212' title='bbox 237 2539 255 2593; x_wconf 91' lang='grc'>1.</span> <span class='ocrx_word' id='word_1_213' title='bbox 290 2537 375 2592; x_wconf 85' lang='lat' dir='ltr'>inest:</span> <span class='ocrx_word' id='word_1_214' title='bbox 416 2538 566 2591; x_wconf 89' lang='lat' dir='ltr'>maioribus</span> <span class='ocrx_word' id='word_1_215' title='bbox 604 2538 741 2592; x_wconf 70' lang='lat' dir='ltr'>(testinata</span> <span class='ocrx_word' id='word_1_216' title='bbox 816 2535 1351 2609; x_wconf 65' lang='lat' dir='ltr'>eiecit]Praegnantiaenaueatziuatum</span> 
     </span>
     <span class='ocr_line' id='line_1_25' title="bbox 176 2614 1349 2685; baseline 0 -16"><span class='ocrx_word' id='word_1_217' title='bbox 176 2614 327 2685; x_wconf 78' lang='lat' dir='ltr'>Agricolae</span> <span class='ocrx_word' id='word_1_218' title='bbox 352 2632 412 2669; x_wconf 87' lang='lat' dir='ltr'>eam</span> <span class='ocrx_word' id='word_1_219' title='bbox 441 2614 610 2683; x_wconf 86' lang='lat' dir='ltr'>legationem</span> <span class='ocrx_word' id='word_1_220' title='bbox 637 2634 740 2669; x_wconf 90' lang='lat' dir='ltr'>moram</span> <span class='ocrx_word' id='word_1_221' title='bbox 785 2630 921 2667; x_wconf 83' lang='lat' dir='ltr'>acueram</span> <span class='ocrx_word' id='word_1_222' title='bbox 936 2614 1074 2670; x_wconf 86' lang='lat' dir='ltr'>delectum</span> <span class='ocrx_word' id='word_1_223' title='bbox 1092 2615 1158 2685; x_wconf 84' lang='lat' dir='ltr'>egit,</span> <span class='ocrx_word' id='word_1_224' title='bbox 1175 2615 1204 2669; x_wconf 90' lang='lat' dir='ltr'>in</span> <span class='ocrx_word' id='word_1_225' title='bbox 1219 2615 1349 2685; x_wconf 84' lang='lat' dir='ltr'>eligendo</span> 
     </span>
     <span class='ocr_line' id='line_1_26' title="bbox 146 2690 1349 2765; baseline 0 -17"><span class='ocrx_word' id='word_1_226' title='bbox 146 2704 150 2709; x_wconf 87' lang='lat'>&#39;</span> <span class='ocrx_word' id='word_1_227' title='bbox 175 2692 283 2757; x_wconf 82' lang='lat' dir='ltr'>fecisse,</span> <span class='ocrx_word' id='word_1_228' title='bbox 303 2692 449 2763; x_wconf 83' lang='lat' dir='ltr'>quominus</span> <span class='ocrx_word' id='word_1_229' title='bbox 463 2690 511 2745; x_wconf 88' lang='lat' dir='ltr'>illa</span> <span class='ocrx_word' id='word_1_230' title='bbox 521 2691 613 2747; x_wconf 88' lang='lat' dir='ltr'>statim</span> <span class='ocrx_word' id='word_1_231' title='bbox 623 2693 741 2765; x_wconf 85' lang='lat' dir='ltr'>attinge·</span> <span class='ocrx_word' id='word_1_232' title='bbox 784 2708 828 2754; x_wconf 89' lang='lat' dir='ltr'>eo,</span> <span class='ocrx_word' id='word_1_233' title='bbox 846 2708 929 2761; x_wconf 88' lang='lat' dir='ltr'>quem</span> <span class='ocrx_word' id='word_1_234' title='bbox 942 2691 1095 2747; x_wconf 86' lang='lat' dir='ltr'>honoribus</span> <span class='ocrx_word' id='word_1_235' title='bbox 1108 2693 1240 2755; x_wconf 80' lang='lat' dir='ltr'>destinat,</span> <span class='ocrx_word' id='word_1_236' title='bbox 1254 2696 1271 2745; x_wconf 84' lang='lat' dir='ltr'>a&#39;</span> <span class='ocrx_word' id='word_1_237' title='bbox 1283 2711 1349 2748; x_wconf 86' lang='lat' dir='ltr'>vera</span> 
     </span>
     <span class='ocr_line' id='line_1_27' title="bbox 175 2768 1348 2842; baseline -0.002 -17"><span class='ocrx_word' id='word_1_238' title='bbox 175 2779 228 2825; x_wconf 93' lang='lat' dir='ltr'>ret.</span> <span class='ocrx_word' id='word_1_239' title='bbox 261 2770 421 2841; x_wconf 86' lang='lat' dir='ltr'>Respicitur</span> <span class='ocrx_word' id='word_1_240' title='bbox 441 2776 532 2823; x_wconf 88' lang='lat' dir='ltr'>autem</span> <span class='ocrx_word' id='word_1_241' title='bbox 551 2770 587 2823; x_wconf 88' lang='lat' dir='ltr'>ad</span> <span class='ocrx_word' id='word_1_242' title='bbox 606 2774 630 2835; x_wconf 64' lang='grc' dir='ltr'>ξ.</span> <span class='ocrx_word' id='word_1_243' title='bbox 650 2775 672 2826; x_wconf 93' lang='grc'>1.</span> <span class='ocrx_word' id='word_1_244' title='bbox 693 2789 742 2842; x_wconf 79' lang='lat' dir='ltr'>cpe</span> <span class='ocrx_word' id='word_1_245' title='bbox 785 2786 841 2821; x_wconf 89' lang='lat' dir='ltr'>non</span> <span class='ocrx_word' id='word_1_246' title='bbox 852 2768 1001 2827; x_wconf 74' lang='lat' dir='ltr'>aberravit</span> <span class='ocrx_word' id='word_1_247' title='bbox 1016 2800 1045 2811; x_wconf 91' lang='lat'><em>-</em></span> <span class='ocrx_word' id='word_1_248' title='bbox 1064 2770 1186 2841; x_wconf 85' lang='lat' dir='ltr'>Tempus</span> <span class='ocrx_word' id='word_1_249' title='bbox 1199 2768 1277 2824; x_wconf 81' lang='lat' dir='ltr'>verbi</span> <span class='ocrx_word' id='word_1_250' title='bbox 1294 2790 1348 2826; x_wconf 91' lang='lat' dir='ltr'>uon</span> 
     </span>
     <span class='ocr_line' id='line_1_28' title="bbox 176 2846 1350 2918; baseline 0 -17"><span class='ocrx_word' id='word_1_251' title='bbox 176 2846 342 2915; x_wconf 80' lang='lat' dir='ltr'>consulatus,</span> <span class='ocrx_word' id='word_1_252' title='bbox 361 2846 419 2900; x_wconf 84' lang='lat' dir='ltr'>cui</span> <span class='ocrx_word' id='word_1_253' title='bbox 433 2847 663 2903; x_wconf 56' lang='lat' dir='ltr'>destinarat</span> <span class='ocrx_word' id='word_1_254' title='bbox 785 2855 826 2898; x_wconf 87' lang='lat' dir='ltr'>est</span> <span class='ocrx_word' id='word_1_255' title='bbox 852 2846 985 2914; x_wconf 79' lang='lat' dir='ltr'>coriatus,</span> <span class='ocrx_word' id='word_1_256' title='bbox 1013 2850 1064 2903; x_wconf 83' lang='lat' dir='ltr'>aed</span> <span class='ocrx_word' id='word_1_257' title='bbox 1088 2848 1245 2917; x_wconf 82' lang='lat' dir='ltr'>perfectum</span> <span class='ocrx_word' id='word_1_258' title='bbox 1269 2866 1350 2918; x_wconf 84' lang='lat' dir='ltr'>praa·</span> 
     </span>
     <span class='ocr_line' id='line_1_29' title="bbox 209 2922 1349 2995; baseline 0.001 -16"><span class='ocrx_word' id='word_1_259' title='bbox 209 2924 303 2979; x_wconf 81' lang='lat' dir='ltr'>atatim</span> <span class='ocrx_word' id='word_1_260' title='bbox 329 2957 362 2967; x_wconf 97' lang='lat'>-</span> <span class='ocrx_word' id='word_1_261' title='bbox 385 2931 530 2978; x_wconf 81' lang='lat' dir='ltr'>revocatas</span> <span class='ocrx_word' id='word_1_262' title='bbox 556 2926 605 2993; x_wconf 86' lang='lat' dir='ltr'>est]</span> <span class='ocrx_word' id='word_1_263' title='bbox 633 2924 742 2994; x_wconf 81' lang='lat' dir='ltr'>Statim,</span> <span class='ocrx_word' id='word_1_264' title='bbox 785 2922 885 2987; x_wconf 85' lang='lat' dir='ltr'>sentis;</span> <span class='ocrx_word' id='word_1_265' title='bbox 904 2923 1037 2995; x_wconf 84' lang='lat' dir='ltr'>cogitatio</span> <span class='ocrx_word' id='word_1_266' title='bbox 1054 2924 1128 2979; x_wconf 86' lang='lat' dir='ltr'>cuim</span> <span class='ocrx_word' id='word_1_267' title='bbox 1148 2927 1218 2979; x_wconf 86' lang='lat' dir='ltr'>haec</span> <span class='ocrx_word' id='word_1_268' title='bbox 1237 2928 1349 2983; x_wconf 82' lang='lat' dir='ltr'>subeat:</span> 
     </span>
     <span class='ocr_line' id='line_1_30' title="bbox 177 2999 1271 3075; baseline 0 -18"><span class='ocrx_word' id='word_1_269' title='bbox 177 3006 253 3075; x_wconf 85' lang='lat' dir='ltr'>quod</span> <span class='ocrx_word' id='word_1_270' title='bbox 280 3001 459 3071; x_wconf 87' lang='lat' dir='ltr'>grammatice</span> <span class='ocrx_word' id='word_1_271' title='bbox 482 3003 586 3069; x_wconf 83' lang='lat' dir='ltr'>pendet</span> <span class='ocrx_word' id='word_1_272' title='bbox 611 3020 645 3057; x_wconf 85' lang='lat' dir='ltr'>ex</span> <span class='ocrx_word' id='word_1_273' title='bbox 663 3020 742 3057; x_wconf 85' lang='lat' dir='ltr'>reno·</span> <span class='ocrx_word' id='word_1_274' title='bbox 785 2999 818 3052; x_wconf 83' lang='lat' dir='ltr'>id</span> <span class='ocrx_word' id='word_1_275' title='bbox 834 3002 912 3070; x_wconf 79' lang='lat' dir='ltr'>qaod</span> <span class='ocrx_word' id='word_1_276' title='bbox 929 3002 1098 3071; x_wconf 56' lang='lat' dir='ltr'>morientia</span> <span class='ocrx_word' id='word_1_277' title='bbox 1118 3010 1271 3057; x_wconf 77' lang='lat' dir='ltr'>constat.</span> 
     </span>
     <span class='ocr_line' id='line_1_31' title="bbox 176 3078 1349 3151; baseline 0 -14"><span class='ocrx_word' id='word_1_278' title='bbox 176 3087 256 3137; x_wconf 72' lang='lat' dir='ltr'>cntra</span> <span class='ocrx_word' id='word_1_279' title='bbox 274 3087 321 3146; x_wconf 84' lang='lat' dir='ltr'>cst,</span> <span class='ocrx_word' id='word_1_280' title='bbox 339 3078 476 3133; x_wconf 80' lang='lat' dir='ltr'>sententia</span> <span class='ocrx_word' id='word_1_281' title='bbox 493 3078 553 3149; x_wconf 89' lang='lat' dir='ltr'>ipsa</span> <span class='ocrx_word' id='word_1_282' title='bbox 570 3088 742 3137; x_wconf 84' lang='lat' dir='ltr'>monstrante</span> <span class='ocrx_word' id='word_1_283' title='bbox 818 3078 927 3147; x_wconf 78' lang='lat' dir='ltr'>consui]</span> <span class='ocrx_word' id='word_1_284' title='bbox 946 3083 1038 3143; x_wconf 82' lang='lat' dir='ltr'>Quum</span> <span class='ocrx_word' id='word_1_285' title='bbox 1056 3078 1194 3150; x_wconf 87' lang='lat' dir='ltr'>principio</span> <span class='ocrx_word' id='word_1_286' title='bbox 1213 3098 1239 3138; x_wconf 89' lang='lat' dir='ltr'>a.</span> <span class='ocrx_word' id='word_1_287' title='bbox 1260 3088 1301 3137; x_wconf 81' lang='lat'>77.</span> <span class='ocrx_word' id='word_1_288' title='bbox 1321 3100 1349 3151; x_wconf 80' lang='lat' dir='ltr'>p.</span> 
     </span>
     <span class='ocr_line' id='line_1_32' title="bbox 176 3155 1350 3230; baseline 0.007 -20"><span class='ocrx_word' id='word_1_289' title='bbox 176 3175 228 3229; x_wconf 85' lang='lat' dir='ltr'>pro</span> <span class='ocrx_word' id='word_1_290' title='bbox 248 3156 385 3211; x_wconf 85' lang='lat' dir='ltr'>adiectivo</span> <span class='ocrx_word' id='word_1_291' title='bbox 399 3164 449 3223; x_wconf 84' lang='lat' dir='ltr'>est,</span> <span class='ocrx_word' id='word_1_292' title='bbox 468 3158 504 3211; x_wconf 86' lang='lat' dir='ltr'>ad</span> <span class='ocrx_word' id='word_1_293' title='bbox 518 3160 602 3212; x_wconf 81' lang='lat' dir='ltr'>verba</span> <span class='ocrx_word' id='word_1_294' title='bbox 615 3157 742 3227; x_wconf 67' lang='lat' dir='ltr'>adenem</span> <span class='ocrx_word' id='word_1_295' title='bbox 786 3155 851 3209; x_wconf 84' lang='lat' dir='ltr'>chr.</span> <span class='ocrx_word' id='word_1_296' title='bbox 871 3174 896 3209; x_wconf 85' lang='lat' dir='ltr'>n·</span> <span class='ocrx_word' id='word_1_297' title='bbox 915 3157 1090 3218; x_wconf 77' lang='lat' dir='ltr'>consulatum</span> <span class='ocrx_word' id='word_1_298' title='bbox 1108 3156 1233 3213; x_wconf 72' lang='lat' dir='ltr'>iniissent</span> <span class='ocrx_word' id='word_1_299' title='bbox 1244 3159 1350 3230; x_wconf 80' lang='lat' dir='ltr'>Vespa-</span> 
     </span>
     <span class='ocr_line' id='line_1_33' title="bbox 177 3230 1349 3305; baseline 0.008 -18"><span class='ocrx_word' id='word_1_300' title='bbox 177 3234 336 3289; x_wconf 81' lang='lat' dir='ltr'>coneaictns</span> <span class='ocrx_word' id='word_1_301' title='bbox 354 3232 527 3305; x_wconf 71' lang='lat' dir='ltr'>pertinente,</span> <span class='ocrx_word' id='word_1_302' title='bbox 545 3237 599 3291; x_wconf 91' lang='lat' dir='ltr'>hoc</span> <span class='ocrx_word' id='word_1_303' title='bbox 613 3236 686 3289; x_wconf 83' lang='lat' dir='ltr'>enim</span> <span class='ocrx_word' id='word_1_304' title='bbox 700 3235 741 3291; x_wconf 85' lang='lat' dir='ltr'>di·</span> <span class='ocrx_word' id='word_1_305' title='bbox 785 3230 878 3285; x_wconf 87' lang='lat' dir='ltr'>sianua</span> <span class='ocrx_word' id='word_1_306' title='bbox 899 3230 975 3288; x_wconf 86' lang='lat' dir='ltr'>VIII.</span> <span class='ocrx_word' id='word_1_307' title='bbox 996 3234 1075 3287; x_wconf 71' lang='lat' dir='ltr'>[litus</span> <span class='ocrx_word' id='word_1_308' title='bbox 1095 3234 1161 3299; x_wconf 78' lang='lat' dir='ltr'>vt,</span> <span class='ocrx_word' id='word_1_309' title='bbox 1179 3234 1349 3296; x_wconf 65' lang='lat' dir='ltr'>allemanni</span> 
     </span>
     <span class='ocr_line' id='line_1_34' title="bbox 176 3310 1349 3380; baseline 0.001 -15"><span class='ocrx_word' id='word_1_310' title='bbox 176 3312 215 3365; x_wconf 88' lang='lat' dir='ltr'>cit</span> <span class='ocrx_word' id='word_1_311' title='bbox 233 3310 363 3366; x_wconf 83' lang='lat' dir='ltr'>Tacitus:</span> <span class='ocrx_word' id='word_1_312' title='bbox 390 3310 428 3367; x_wconf 87' lang='lat' dir='ltr'>ita</span> <span class='ocrx_word' id='word_1_313' title='bbox 453 3320 599 3367; x_wconf 86' lang='lat' dir='ltr'>revocatus</span> <span class='ocrx_word' id='word_1_314' title='bbox 627 3321 680 3377; x_wconf 86' lang='lat' dir='ltr'>est,</span> <span class='ocrx_word' id='word_1_315' title='bbox 710 3322 738 3369; x_wconf 86' lang='lat' dir='ltr'>ut</span> <span class='ocrx_word' id='word_1_316' title='bbox 782 3310 1349 3380; x_wconf 83' lang='lat' dir='ltr'>parteiisauffec&#39;tiauntDomitianuaVI.</span> 
     </span>
     <span class='ocr_line' id='line_1_35' title="bbox 174 3386 1263 3459; baseline -0.003 -18"><span class='ocrx_word' id='word_1_317' title='bbox 174 3388 267 3441; x_wconf 81' lang='lat' dir='ltr'>atatim</span> <span class='ocrx_word' id='word_1_318' title='bbox 293 3404 409 3459; x_wconf 76' lang='lat' dir='ltr'>sperare</span> <span class='ocrx_word' id='word_1_319' title='bbox 435 3390 608 3443; x_wconf 76' lang='lat' dir='ltr'>consulatum</span> <span class='ocrx_word' id='word_1_320' title='bbox 631 3390 740 3447; x_wconf 87' lang='lat' dir='ltr'>iubere·</span> <span class='ocrx_word' id='word_1_321' title='bbox 782 3396 812 3441; x_wconf 86' lang='lat' dir='ltr'>et</span> <span class='ocrx_word' id='word_1_322' title='bbox 829 3386 974 3455; x_wconf 78' lang='lat' dir='ltr'>Agricola.</span> <span class='ocrx_word' id='word_1_323' title='bbox 1259 3429 1263 3438; x_wconf 80' lang='grc'>.</span> 
     </span>
     <span class='ocr_line' id='line_1_36' title="bbox 175 3464 1348 3536; baseline 0 -17"><span class='ocrx_word' id='word_1_324' title='bbox 175 3473 234 3530; x_wconf 78' lang='lat' dir='ltr'>tur,</span> <span class='ocrx_word' id='word_1_325' title='bbox 262 3464 278 3518; x_wconf 89' lang='lat' dir='ltr'>i.</span> <span class='ocrx_word' id='word_1_326' title='bbox 298 3483 322 3521; x_wconf 90' lang='lat' dir='ltr'>e.</span> <span class='ocrx_word' id='word_1_327' title='bbox 341 3467 377 3519; x_wconf 89' lang='lat' dir='ltr'>ad</span> <span class='ocrx_word' id='word_1_328' title='bbox 392 3466 552 3534; x_wconf 79' lang='lat' dir='ltr'>proaimam</span> <span class='ocrx_word' id='word_1_329' title='bbox 569 3484 646 3536; x_wconf 79' lang='lat' dir='ltr'>apem</span> <span class='ocrx_word' id='word_1_330' title='bbox 665 3486 738 3522; x_wconf 91' lang='lat' dir='ltr'>cons.</span> <span class='ocrx_word' id='word_1_331' title='bbox 816 3465 954 3534; x_wconf 70' lang='lat' dir='ltr'>eqreqiae]</span> <span class='ocrx_word' id='word_1_332' title='bbox 975 3465 1077 3521; x_wconf 74' lang='lat' dir='ltr'>Vatr.</span> <span class='ocrx_word' id='word_1_333' title='bbox 1086 3466 1195 3534; x_wconf 51' lang='lat' dir='ltr'>pretim</span> <span class='ocrx_word' id='word_1_334' title='bbox 1212 3470 1248 3520; x_wconf 87' lang='lat' dir='ltr'>A.</span> <span class='ocrx_word' id='word_1_335' title='bbox 1259 3474 1348 3534; x_wconf 68' lang='lat' dir='ltr'>orata.</span> 
     </span>
     <span class='ocr_line' id='line_1_37' title="bbox 174 3541 1350 3611; baseline 0.001 -14"><span class='ocrx_word' id='word_1_336' title='bbox 174 3559 268 3597; x_wconf 79' lang='lat' dir='ltr'>revoc.</span> <span class='ocrx_word' id='word_1_337' title='bbox 288 3550 338 3596; x_wconf 86' lang='lat' dir='ltr'>est.</span> <span class='ocrx_word' id='word_1_338' title='bbox 375 3542 540 3597; x_wconf 84' lang='lat' dir='ltr'>Germanica</span> <span class='ocrx_word' id='word_1_339' title='bbox 559 3544 624 3597; x_wconf 88' lang='lat' dir='ltr'>licat</span> <span class='ocrx_word' id='word_1_340' title='bbox 641 3546 738 3599; x_wconf 87' lang='lat' dir='ltr'>eodem</span> <span class='ocrx_word' id='word_1_341' title='bbox 783 3541 912 3597; x_wconf 82' lang='lat' dir='ltr'>Correxit</span> <span class='ocrx_word' id='word_1_342' title='bbox 929 3543 1038 3599; x_wconf 81' lang='lat' dir='ltr'>Puteal.</span> <span class='ocrx_word' id='word_1_343' title='bbox 1058 3574 1092 3583; x_wconf 90' lang='lat'>—</span> <span class='ocrx_word' id='word_1_344' title='bbox 1109 3543 1205 3600; x_wconf 82' lang='lat' dir='ltr'>Verba</span> <span class='ocrx_word' id='word_1_345' title='bbox 1221 3544 1350 3611; x_wconf 67' lang='lat' dir='ltr'>coracina</span> 
     </span>
     <span class='ocr_line' id='line_1_38' title="bbox 175 3620 1350 3691; baseline 0 -16"><span class='ocrx_word' id='word_1_346' title='bbox 175 3622 273 3675; x_wconf 85' lang='lat' dir='ltr'>medo:</span> <span class='ocrx_word' id='word_1_347' title='bbox 306 3636 338 3673; x_wconf 88' lang='lat' dir='ltr'>er</span> <span class='ocrx_word' id='word_1_348' title='bbox 366 3621 460 3673; x_wconf 82' lang='lat' dir='ltr'>warde</span> <span class='ocrx_word' id='word_1_349' title='bbox 486 3620 664 3675; x_wconf 80' lang='lat' dir='ltr'>comittelbm·</span> <span class='ocrx_word' id='word_1_350' title='bbox 690 3638 739 3675; x_wconf 72' lang='lat' dir='ltr'>erm</span> <span class='ocrx_word' id='word_1_351' title='bbox 782 3620 845 3689; x_wconf 79' lang='lat' dir='ltr'>spei</span> <span class='ocrx_word' id='word_1_352' title='bbox 861 3621 966 3688; x_wconf 85' lang='lat' dir='ltr'>(Germ.</span> <span class='ocrx_word' id='word_1_353' title='bbox 985 3620 1201 3691; x_wconf 69' lang='lat' dir='ltr'>hoffnunqsvoli)</span> <span class='ocrx_word' id='word_1_354' title='bbox 1226 3620 1350 3680; x_wconf 86' lang='lat' dir='ltr'>indicant</span> 
     </span>
     <span class='ocr_line' id='line_1_39' title="bbox 174 3696 1350 3769; baseline 0.001 -18"><span class='ocrx_word' id='word_1_355' title='bbox 174 3696 305 3751; x_wconf 77' lang='lat' dir='ltr'>Arsaicit</span> <span class='ocrx_word' id='word_1_356' title='bbox 323 3696 384 3750; x_wconf 83' lang='lat' dir='ltr'>aula</span> <span class='ocrx_word' id='word_1_357' title='bbox 395 3696 478 3751; x_wconf 81' lang='lat' dir='ltr'>Cone.</span> <span class='ocrx_word' id='word_1_358' title='bbox 490 3697 652 3765; x_wconf 80' lang='lat' dir='ltr'>abbcrufeu,</span> <span class='ocrx_word' id='word_1_359' title='bbox 672 3716 739 3769; x_wconf 84' lang='lat' dir='ltr'>pro:</span> <span class='ocrx_word' id='word_1_360' title='bbox 781 3698 930 3752; x_wconf 89' lang='lat' dir='ltr'>admodum</span> <span class='ocrx_word' id='word_1_361' title='bbox 937 3697 1171 3753; x_wconf 84' lang='lat' dir='ltr'>adolescentulam</span> <span class='ocrx_word' id='word_1_362' title='bbox 1179 3697 1350 3769; x_wconf 79' lang='lat' dir='ltr'>fuisseAgri-</span> 
     </span>
     <span class='ocr_line' id='line_1_40' title="bbox 119 3771 1349 3847; baseline 0.002 -21"><span class='ocrx_word' id='word_1_363' title='bbox 119 3771 121 3775; x_wconf 81' lang='grc'><strong>’</strong></span> <span class='ocrx_word' id='word_1_364' title='bbox 173 3773 438 3828; x_wconf 77' lang='lat' dir='ltr'>aaranmitteibcren</span> <span class='ocrx_word' id='word_1_365' title='bbox 446 3775 637 3831; x_wconf 65' lang='lat' dir='ltr'>Amantiam,</span> <span class='ocrx_word' id='word_1_366' title='bbox 657 3778 741 3831; x_wconf 83' lang='lat' dir='ltr'>Haud</span> <span class='ocrx_word' id='word_1_367' title='bbox 785 3773 865 3828; x_wconf 88' lang='lat' dir='ltr'>colae</span> <span class='ocrx_word' id='word_1_368' title='bbox 883 3774 977 3838; x_wconf 89' lang='lat' dir='ltr'>filiam,</span> <span class='ocrx_word' id='word_1_369' title='bbox 997 3776 1102 3847; x_wconf 88' lang='lat' dir='ltr'>quippe</span> <span class='ocrx_word' id='word_1_370' title='bbox 1113 3774 1247 3829; x_wconf 87' lang='lat' dir='ltr'>tredecim</span> <span class='ocrx_word' id='word_1_371' title='bbox 1262 3793 1349 3829; x_wconf 84' lang='lat' dir='ltr'>annos</span> 
     </span>
     <span class='ocr_line' id='line_1_41' title="bbox 173 3850 1349 3923; baseline 0.002 -20"><span class='ocrx_word' id='word_1_372' title='bbox 173 3850 333 3921; x_wconf 83' lang='lat' dir='ltr'>infrequens</span> <span class='ocrx_word' id='word_1_373' title='bbox 362 3851 488 3906; x_wconf 85' lang='lat' dir='ltr'>adverbii</span> <span class='ocrx_word' id='word_1_374' title='bbox 519 3870 570 3923; x_wconf 90' lang='lat' dir='ltr'>pra</span> <span class='ocrx_word' id='word_1_375' title='bbox 602 3855 740 3909; x_wconf 86' lang='lat' dir='ltr'>adiectivo</span> <span class='ocrx_word' id='word_1_376' title='bbox 784 3859 876 3906; x_wconf 89' lang='lat' dir='ltr'>natam</span> <span class='ocrx_word' id='word_1_377' title='bbox 895 3852 943 3919; x_wconf 81' lang='lat' dir='ltr'>(cf.</span> <span class='ocrx_word' id='word_1_378' title='bbox 964 3870 990 3908; x_wconf 91' lang='lat' dir='ltr'>c.</span> <span class='ocrx_word' id='word_1_379' title='bbox 1008 3858 1034 3917; x_wconf 87' lang='grc'>6,</span> <span class='ocrx_word' id='word_1_380' title='bbox 1051 3857 1089 3920; x_wconf 75' lang='grc'>31.</span> <span class='ocrx_word' id='word_1_381' title='bbox 1137 3854 1208 3906; x_wconf 83' lang='lat' dir='ltr'>Tam</span> <span class='ocrx_word' id='word_1_382' title='bbox 1225 3851 1349 3906; x_wconf 80' lang='lat' dir='ltr'>additum</span> 
     </span>
     <span class='ocr_line' id='line_1_42' title="bbox 173 3926 1350 4003; baseline 0.002 -22"><span class='ocrx_word' id='word_1_383' title='bbox 173 3926 334 3981; x_wconf 81' lang='lat' dir='ltr'>attributivo</span> <span class='ocrx_word' id='word_1_384' title='bbox 352 3946 416 3982; x_wconf 88' lang='lat' dir='ltr'>usus</span> <span class='ocrx_word' id='word_1_385' title='bbox 437 3929 484 3995; x_wconf 82' lang='lat' dir='ltr'>(cf.</span> <span class='ocrx_word' id='word_1_386' title='bbox 498 3928 583 3984; x_wconf 89' lang='lat' dir='ltr'>Roth.</span> <span class='ocrx_word' id='word_1_387' title='bbox 597 3929 631 3985; x_wconf 82' lang='lat' dir='ltr'>arl</span> <span class='ocrx_word' id='word_1_388' title='bbox 646 3931 739 4003; x_wconf 80' lang='lat' dir='ltr'>Agric.</span> <span class='ocrx_word' id='word_1_389' title='bbox 783 3928 923 3999; x_wconf 80' lang='lat' dir='ltr'>significat</span> <span class='ocrx_word' id='word_1_390' title='bbox 939 3947 1001 3985; x_wconf 87' lang='lat' dir='ltr'>eam</span> <span class='ocrx_word' id='word_1_391' title='bbox 1014 3948 1092 4001; x_wconf 82' lang='lat' dir='ltr'>rpem</span> <span class='ocrx_word' id='word_1_392' title='bbox 1105 3939 1204 4002; x_wconf 85' lang='lat' dir='ltr'>postea</span> <span class='ocrx_word' id='word_1_393' title='bbox 1217 3946 1272 3983; x_wconf 87' lang='lat' dir='ltr'>non</span> <span class='ocrx_word' id='word_1_394' title='bbox 1289 3930 1350 3983; x_wconf 84' lang='lat' dir='ltr'>irri-</span> 
     </span>
     <span class='ocr_line' id='line_1_43' title="bbox 174 4004 953 4079; baseline 0 -18"><span class='ocrx_word' id='word_1_395' title='bbox 174 4010 198 4061; x_wconf 79' lang='lat'>3.</span> <span class='ocrx_word' id='word_1_396' title='bbox 227 4006 345 4059; x_wconf 78' lang='lat' dir='ltr'>Excurs.</span> <span class='ocrx_word' id='word_1_397' title='bbox 362 4004 468 4064; x_wconf 82' lang='lat' dir='ltr'>XXIV.</span> <span class='ocrx_word' id='word_1_398' title='bbox 490 4024 516 4076; x_wconf 85' lang='lat' dir='ltr'>p.</span> <span class='ocrx_word' id='word_1_399' title='bbox 537 4010 679 4079; x_wconf 77' lang='lat' dir='ltr'>215sqq.),</span> <span class='ocrx_word' id='word_1_400' title='bbox 699 4010 739 4063; x_wconf 90' lang='lat' dir='ltr'>ni·</span> <span class='ocrx_word' id='word_1_401' title='bbox 783 4017 839 4061; x_wconf 86' lang='lat' dir='ltr'>tam</span> <span class='ocrx_word' id='word_1_402' title='bbox 859 4007 953 4061; x_wconf 83' lang='lat' dir='ltr'>fuisse.</span> 
     </span>
     <span class='ocr_line' id='line_1_44' title="bbox 173 4080 1349 4155; baseline 0.003 -20"><span class='ocrx_word' id='word_1_403' title='bbox 173 4090 235 4137; x_wconf 82' lang='lat' dir='ltr'>tens</span> <span class='ocrx_word' id='word_1_404' title='bbox 261 4080 309 4135; x_wconf 94' lang='lat' dir='ltr'>llle</span> <span class='ocrx_word' id='word_1_405' title='bbox 340 4082 461 4155; x_wconf 88' lang='lat' dir='ltr'>elliptica</span> <span class='ocrx_word' id='word_1_406' title='bbox 484 4082 594 4139; x_wconf 90' lang='lat' dir='ltr'>dicendi</span> <span class='ocrx_word' id='word_1_407' title='bbox 622 4083 738 4151; x_wconf 89' lang='lat' dir='ltr'>ratione,</span> <span class='ocrx_word' id='word_1_408' title='bbox 816 4086 926 4139; x_wconf 80' lang='lat' dir='ltr'>adiecto</span> <span class='ocrx_word' id='word_1_409' title='bbox 934 4085 1115 4155; x_wconf 58' lang='lat' dir='ltr'>pontificatue</span> <span class='ocrx_word' id='word_1_410' title='bbox 1126 4084 1299 4155; x_wconf 67' lang='lat' dir='ltr'>mendatio]</span> <span class='ocrx_word' id='word_1_411' title='bbox 1310 4102 1349 4139; x_wconf 81' lang='lat' dir='ltr'>sc.</span> 
     </span>
     <span class='ocr_line' id='line_1_45' title="bbox 172 4157 1350 4236; baseline 0.003 -23"><span class='ocrx_word' id='word_1_412' title='bbox 172 4160 199 4213; x_wconf 88' lang='lat' dir='ltr'>h.</span> <span class='ocrx_word' id='word_1_413' title='bbox 211 4160 230 4213; x_wconf 93' lang='lat' dir='ltr'>l.</span> <span class='ocrx_word' id='word_1_414' title='bbox 242 4157 371 4212; x_wconf 83' lang='lat' dir='ltr'>adiuncta</span> <span class='ocrx_word' id='word_1_415' title='bbox 382 4160 424 4213; x_wconf 88' lang='lat' dir='ltr'>ad</span> <span class='ocrx_word' id='word_1_416' title='bbox 431 4160 637 4231; x_wconf 85' lang='lat' dir='ltr'>praepositione</span> <span class='ocrx_word' id='word_1_417' title='bbox 652 4164 738 4236; x_wconf 86' lang='lat' dir='ltr'>paulo</span> <span class='ocrx_word' id='word_1_418' title='bbox 782 4178 838 4232; x_wconf 90' lang='lat' dir='ltr'>quo</span> <span class='ocrx_word' id='word_1_419' title='bbox 864 4162 990 4219; x_wconf 81' lang='lat' dir='ltr'>cumulus</span> <span class='ocrx_word' id='word_1_420' title='bbox 1016 4161 1161 4232; x_wconf 78' lang='lat' dir='ltr'>dignitatis</span> <span class='ocrx_word' id='word_1_421' title='bbox 1182 4164 1350 4227; x_wconf 71' lang='lat' dir='ltr'>adtleraturt</span> 
     </span>
     <span class='ocr_line' id='line_1_46' title="bbox 173 4235 1303 4304; baseline 0.004 -13"><span class='ocrx_word' id='word_1_422' title='bbox 173 4237 204 4291; x_wconf 84' lang='lat' dir='ltr'>fit</span> <span class='ocrx_word' id='word_1_423' title='bbox 223 4235 396 4293; x_wconf 86' lang='lat' dir='ltr'>insolentior.</span> <span class='ocrx_word' id='word_1_424' title='bbox 782 4238 818 4296; x_wconf 84' lang='lat' dir='ltr'>ci.</span> <span class='ocrx_word' id='word_1_425' title='bbox 836 4238 907 4296; x_wconf 82' lang='lat' dir='ltr'>Hirt.</span> <span class='ocrx_word' id='word_1_426' title='bbox 928 4239 949 4303; x_wconf 92' lang='grc'>1,</span> <span class='ocrx_word' id='word_1_427' title='bbox 968 4246 1010 4304; x_wconf 79' lang='grc'>11,</span> <span class='ocrx_word' id='word_1_428' title='bbox 1030 4246 1056 4296; x_wconf 81' lang='grc'>4.</span> <span class='ocrx_word' id='word_1_429' title='bbox 1093 4240 1167 4295; x_wconf 79' lang='lat' dir='ltr'>Anu</span> <span class='ocrx_word' id='word_1_430' title='bbox 1188 4240 1212 4303; x_wconf 87' lang='lat'>1,</span> <span class='ocrx_word' id='word_1_431' title='bbox 1232 4244 1259 4303; x_wconf 81' lang='lat'>3,</span> <span class='ocrx_word' id='word_1_432' title='bbox 1279 4246 1303 4296; x_wconf 89' lang='grc'>1.</span> 
     </span>
     <span class='ocr_line' id='line_1_47' title="bbox 208 4312 1349 4388; baseline 0.006 -22"><span class='ocrx_word' id='word_1_433' title='bbox 208 4312 349 4385; x_wconf 77' lang='lat' dir='ltr'>opinione]</span> <span class='ocrx_word' id='word_1_434' title='bbox 368 4330 404 4370; x_wconf 83' lang='lat' dir='ltr'>sc</span> <span class='ocrx_word' id='word_1_435' title='bbox 422 4312 524 4370; x_wconf 80' lang='lat' dir='ltr'>ciritun</span> <span class='ocrx_word' id='word_1_436' title='bbox 538 4316 737 4385; x_wconf 86' lang='lat' dir='ltr'>Romanarum,</span> <span class='ocrx_word' id='word_1_437' title='bbox 815 4316 852 4384; x_wconf 84' lang='lat' dir='ltr'>X,</span> <span class='ocrx_word' id='word_1_438' title='bbox 865 4323 888 4372; x_wconf 90' lang='lat' dir='ltr'>l.</span> <span class='ocrx_word' id='word_1_439' title='bbox 914 4317 1009 4372; x_wconf 54' lang='lat' dir='ltr'>naui&amp;</span> <span class='ocrx_word' id='word_1_440' title='bbox 1020 4318 1211 4388; x_wconf 55' lang='lat' dir='ltr'>scriptorium</span> <span class='ocrx_word' id='word_1_441' title='bbox 1225 4317 1349 4374; x_wconf 81' lang='lat' dir='ltr'>Destru-</span> 
     </span>
     <span class='ocr_line' id='line_1_48' title="bbox 175 4388 1348 4471; baseline 0.004 -24"><span class='ocrx_word' id='word_1_442' title='bbox 175 4388 223 4471; x_wconf 88' lang='lat' dir='ltr'>qni</span> <span class='ocrx_word' id='word_1_443' title='bbox 243 4389 271 4447; x_wconf 90' lang='lat' dir='ltr'>in</span> <span class='ocrx_word' id='word_1_444' title='bbox 288 4389 426 4465; x_wconf 76' lang='lat' dir='ltr'>Hispania</span> <span class='ocrx_word' id='word_1_445' title='bbox 445 4398 545 4451; x_wconf 81' lang='lat' dir='ltr'>esseut.</span> <span class='ocrx_word' id='word_1_446' title='bbox 783 4402 862 4452; x_wconf 85' lang='lat' dir='ltr'>ctura</span> <span class='ocrx_word' id='word_1_447' title='bbox 886 4414 914 4450; x_wconf 82' lang='lat' dir='ltr'>r.</span> <span class='ocrx_word' id='word_1_448' title='bbox 935 4397 973 4451; x_wconf 87' lang='lat' dir='ltr'>ad</span> <span class='ocrx_word' id='word_1_449' title='bbox 994 4412 1018 4451; x_wconf 83' lang='lat' dir='ltr'>c</span> <span class='ocrx_word' id='word_1_450' title='bbox 1036 4400 1067 4460; x_wconf 80' lang='lat'>2,</span> <span class='ocrx_word' id='word_1_451' title='bbox 1092 4401 1117 4453; x_wconf 88' lang='lat' dir='ltr'>l.</span> <span class='ocrx_word' id='word_1_452' title='bbox 1149 4395 1348 4466; x_wconf 78' lang='lat' dir='ltr'>Intelliguntur</span> 
     </span>
    </p>
   </div>
   <div class='ocr_carea' id='block_1_4' title="bbox 0 0 1538 4867">
    <p class='ocr_par' dir='ltr' id='par_1_9' title="bbox 0 0 1538 4867">
     <span class='ocr_line' id='line_1_49' title="bbox 0 0 1538 4867; baseline 0 2"><span class='ocrx_word' id='word_1_453' title='bbox 0 0 1538 4867; x_wconf 95' lang='lat' dir='ltr'> </span> 
     </span>
    </p>
   </div>
  </div>
 </body>
</html>
