3067 4867
552 282 761 342 namucus.
799 281 832 341 o.
849 281 985 341 vanu.
1315 283 1356 351 51

184 478 253 546 aius
276 477 400 545 aiilirit.
443 477 529 543 Nam
551 474 663 541 classis
689 472 880 541 Othoniana
901 472 1035 543 licenter
1049 494 1143 557 uaga,
1165 471 1241 535 dum
1264 471 1355 538 inte·

184 589 297 655 melios
320 587 491 673 (Liguriae
514 608 590 672 pars
613 588 673 663 est)
696 583 857 652 hostiliter
878 582 1069 673 populatur,
1098 592 1231 648 matrem
1251 580 1355 667 Agri-

186 699 277 765 colae
304 698 339 763 iu
367 696 508 785 praediis
539 695 605 761 suis
627 694 802 770 interfecit,
836 692 1035 779 praediaque
1055 692 1129 779 ipsa
1151 702 1183 756 et
1204 709 1354 776 maguam

160 808 370 896 rpatrimouii
392 814 516 895 purtem
539 805 689 892 diripuit,
720 826 804 888 quae
825 824 942 869 caussa
964 802 1073 870 caedis
1095 802 1207 875 luerat.
1250 801 1356 886 Igitur

187 921 228 984 ad
261 919 430 984 sollemnia
463 915 594 1004 pietatis
627 914 792 1001 proiectus
826 912 982 998 Agricola
1017 911 1130 978 nuntio
1164 910 1308 979 affectati
1334 934 1357 976 a

187 1030 389 1117 Vespasiano
420 1027 547 1115 imperii
583 1024 806 1111 deprehensus
841 1044 880 1087 ac
909 1021 1018 1087 statim
1048 1021 1082 1086 in
1111 1031 1219 1107 partes
1247 1032 1356 1085 baus-

187 1162 317 1227 gressus
349 1151 405 1204 ert.
450 1137 548 1203 luitis
571 1135 773 1223 principatus
796 1154 835 1198 ac
857 1142 974 1198 statum
995 1130 1086 1198 urbis
1107 1131 1282 1197 Mucianus
1302 1126 1356 1198 re·

220 1332 305 1382 n's—
323 1326 464 1394 ambra]
497 1325 600 1379 Sensus
630 1328 683 1377 ests
713 1335 749 1375 ue
792 1318 829 1373 N.
848 1318 957 1383 ssas,
975 1323 1016 1374 48.
1035 1348 1066 1359 ·-
1099 1318 1275 1386 tremata,
1293 1317 1311 1375 i.
1329 1336 1359 1374 a

186 1423 271 1477 penas
292 1421 375 1474 quem
396 1402 483 1457 ciram
502 1408 612 1471 raptu·
634 1399 751 1468 aliquod
792 1395 861 1449 fines
880 1394 1101 1454 Intemeliorum.

188 1483 363 1539 simulacrum
386 1486 559 1541 remanerem
590 1494 653 1531 uam
677 1492 749 1546 quae
822 1481 1002 1551 praediaque
1019 1483 1089 1549 eta]
1120 1480 1252 1537 Praedia
1270 1498 1356 1551 quam

188 1562 263 1617 Nero
281 1560 375 1614 ablata
393 1558 598 1629 absumpserat,
616 1572 650 1609 aa
668 1551 748 1607 rasti·
793 1556 995 1612 discernantur.
1006 1576 1023 1611 a
1036 1558 1226 1627 protrimentis,
1244 1557 1357 1613 illorum

188 1638 228 1693 tui
248 1654 304 1693 uon
323 1643 524 1708 potueruut—
544 1634 748 1689 Scmdaatnou
792 1634 913 1704 direptio
938 1637 1014 1689 haud
1039 1633 1124 1689 dnbio
1148 1634 1273 1690 constitit
1296 1654 1354 1694 om.

187 1718 308 1771 refertur
329 1716 364 1768 ad
389 1714 417 1766 id
439 1720 563 1783 tempus,
590 1728 645 1780 quo
668 1716 750 1779 rapta
792 1710 874 1765 uibus
897 1711 931 1767 iia
954 1711 1117 1783 abigendis,
1139 1729 1212 1782 quae
1234 1715 1279 1769 ad.
1297 1730 1355 1769 ress
1440 1751 1443 1755 -

189 1791 373 1861 conquirebat
392 1790 537 1860 Agricola,
564 1790 613 1843 sad
631 1805 687 1857 quo
706 1803 749 1837 ra·
791 1788 922 1843 rusticam
946 1790 1135 1857 pertinerent,
1164 1789 1242 1844 velut
1267 1788 1356 1860 copiis

189 1870 253 1940 pina
272 1870 346 1925 iacta
363 1876 425 1923 erat
442 1885 461 1921 a
478 1867 597 1921 Narone.
625 1864 749 1919 Restitu-
791 1866 994 1930 frumeutariis,
1032 1866 1180 1936 gregibus,
1215 1866 1357 1924 omenta

188 1947 222 2001 tis
242 1945 326 2009 enim,
342 1962 420 2017 quac
432 1943 539 1997 restitui
559 1950 703 2013 poterant,
721 1948 749 1995 at
792 1944 999 1999 Patrimonium
1041 1943 1150 1999 videtur
1197 1943 1358 2013 siguificare

187 2024 216 2079 iu
243 2023 380 2093 integrum
403 2029 502 2075 statum
521 2020 663 2091 repositis,
689 2020 750 2073 nul·
792 2021 967 2091 splendidam
989 2021 1188 2091 supellectilem
1208 2031 1357 2093 ceteraque

189 2101 246 2155 lum
271 2098 430 2170 respublica
453 2098 630 2169 sacrilegium
657 2098 750 2166 (olim)
792 2099 980 2153 abundantiae
1015 2099 1234 2163 iustrumenta„
1256 2099 1357 2169 quibus

187 2186 324 2243 summat,
343 2177 361 2231 i.
378 2195 404 2235 s.
423 2194 505 2247 passa
524 2185 597 2240 orat,
619 2176 676 2229 nisi
693 2177 750 2230 Ne·
793 2178 871 2230 dives
888 2178 986 2230 domur
1001 2176 1136 2232 instructa
1153 2174 1216 2230 suit.

188 2256 280 2317 roais,
309 2272 401 2325 aquo
424 2253 493 2309 nihil
516 2252 608 2323 repeti
629 2260 751 2323 poterat.
827 2260 852 2310 2.
870 2255 912 2307 cd
924 2253 1074 2309 sollemnia
1086 2254 1214 2323 pietatis]
1236 2253 1255 2309 i.
1273 2272 1297 2309 a.
1317 2256 1356 2310 ad

190 2333 226 2388 cf.
244 2332 314 2387 Plin.
338 2333 474 2401 Panegyr.
495 2349 519 2384 c.
539 2336 586 2395 tt,
610 2336 634 2387 4.
670 2331 751 2385 Idem
793 2331 1028 2397 aouemaafaaaa
1046 2331 1177 2399 (cim
1194 2331 1261 2395 XII,
1273 2336 1356 2399 69,AE

189 2408 313 2479 effracti,
343 2425 384 2463 ac
410 2408 500 2467 molar
523 2408 667 2477 princepae
692 2406 750 2461 lc·
793 2408 857 2469 XV,
876 2414 917 2470 64,
933 2408 972 2475 4.)
990 2407 1156 2473 faciendum,
1175 2410 1252 2479 quod
1267 2408 1358 2479 pietas

189 2487 402 2550 tutaremus,
431 2485 451 2539 i
482 2503 506 2539 e.
541 2485 675 2547 effecisti,
706 2502 751 2550 nc,
794 2484 941 2555 exigebat3
961 2487 998 2540 ad
1016 2486 1091 2541 iusta
1109 2486 1156 2555 pie
1171 2487 1315 2541 solvenda.

189 2580 259 2633 quos
276 2564 362 2617 malos
380 2562 520 2633 principes
541 2571 605 2620 anta
622 2570 651 2617 tu
665 2562 751 2617 habru-
827 2563 926 2617 auctio
944 2592 979 2603 -·
997 2564 1195 2634 deprehensas]
1213 2564 1230 2617 i.
1248 2582 1272 2619 e.
1287 2583 1357 2619 uun·

188 2656 313 2705 mamus,
354 2640 487 2695 habuisse
516 2640 686 2693 videremur.
719 2668 750 2681 -·-
793 2639 862 2696 tium
878 2657 881 2663 ’
895 2639 1068 2711 inopinatum
1101 2656 1135 2693 ac
1167 2648 1280 2711 praeter
1309 2660 1358 2696 ex·

188 2718 331 2781 Altarirrr,
351 2719 428 2787 quod
447 2718 599 2771 vernacula
617 2722 659 2770 est
677 2716 751 2769 cinca
794 2717 995 2786 spectationem
1015 2716 1125 2786 accepit
1147 2720 1245 2787 (gurm.
1263 2721 1358 2774 warda

188 2796 312 2857 awriten,
339 2794 456 2849 Tacitus
481 2793 565 2859 dixit,
594 2810 649 2847 uon
667 2793 751 2857 attur,
792 2795 954 2849 dbcrraarlrt
970 2795 1089 2862 durch).

189 2890 244 2942 quo
272 2870 384 2941 gravius
413 2879 524 2925 notaret
549 2872 641 2926 solans
663 2871 751 2923 Nero-
829 2872 963 2940 affectate]
989 2871 1006 2924 i.
1030 2890 1053 2925 e.
1073 2880 1205 2942 prompte
1223 2874 1359 2943 appetita·

189 2964 252 3003 nem
270 2956 390 3012 restare,
411 2948 459 3017 qui
476 2948 652 3016 sacrilegium
671 2948 751 3001 iacis·
795 2966 857 3002 nam
877 2948 925 3017 qui
943 2950 1055 3019 affectat
1074 2948 1229 3019 imperium,
1247 2968 1283 3005 eo
1301 2968 1359 3006 non

188 3036 245 3089 sat,
264 3026 299 3081 cf.
314 3027 387 3080 Anu.
399 3026 464 3091 XV,
482 3031 524 3087 to,
537 3031 561 3081 2.
589 3024 752 3079 Cbrbclo—
795 3027 850 3082 iam
868 3026 988 3097 potitur,
1011 3027 1062 3081 sed
1075 3026 1168 3097 potiri
1183 3029 1289 3092 studet,
1312 3027 1358 3081 vel

188 3106 328 3172 parandae
345 3104 390 3157 rei
402 3102 576 3171 praeficitur,
598 3120 636 3157 nr
655 3102 751 3161 caius
796 3105 918 3165 cadram
942 3106 984 3157 ad
1001 3104 1170 3173 potiundam
1187 3106 1291 3159 wita
1306 3122 1359 3174 αφ·

190 3182 344 3235 alterius
368 3180 482 3233 inscitia
498 3197 610 3233 rursum
622 3196 752 3249 peccare-
791 3182 889 3251 palls't,
927 3184 1004 3251 quod
1029 3198 1117 3250 germ.
1150 3189 1205 3243 ast:
1239 3183 1359 3237 Sobrdtc

190 3266 243 3321 tar,
262 3258 329 3327 oraio
344 3257 453 3319 Paeti
466 3257 607 3325 picuerct.
795 3260 863 3313 tdun
886 3278 920 3312 aa
942 3267 1041 3328 atroam
1071 3259 1106 3315 cf.
1131 3258 1194 3313 Liv.
1213 3259 1242 3323 I,
1267 3266 1314 3323 50,
1332 3264 1359 3316 4.

224 3352 311 3420 cuius]
337 3350 398 3404 Vnt.
415 3356 449 3405 Δ.
470 3351 564 3406 nutura
798 3338 853 3392 Ori
863 3337 1002 3391 euiuaaoa
1014 3352 1152 3406 apparere
1169 3338 1360 3403 assertura

224 3462 287 3517 VH⁸
321 3467 343 3517 1,
376 3461 475 3515 ,pm-3
506 3459 665 3513 Othoniana
689 3460 751 3525 em]
796 3432 856 3467 eum
874 3414 1020 3482 imperium
1039 3414 1069 3467 iu
1086 3414 1225 3467 Latinos.²

191 3536 233 3591 De
259 3557 291 3593 ea
317 3557 341 3591 v·
360 3538 432 3594 Hist·
451 3536 504 3603 11,
520 3534 557 3591 ¹²·
598 3535 753 3605 Didium*
798 3491 1061 3633 ¹3tn5pafirpp5'rp
1083 3491 1310 3636 iiiiiif'riffil
1335 3492 1359 3556 1,

191 3615 281 3669 soluta
307 3633 399 3685 neque
425 3613 542 3687 provisis
566 3614 698 3667 adversus
722 3612 753 3664 li-

192 3692 308 3746 centiam
328 3692 471 3764 praesidiis
492 3689 624 3745 classiarii
638 3690 753 3759 rapinae

192 3766 219 3822 in
238 3770 399 3841 regionibus
419 3766 563 3822 maritimis
579 3768 735 3821 studebant..

831 3662 865 3699 ac
884 3644 989 3712 atatim]
1021 3646 1064 3700 De
1086 3644 1216 3701 iunctura
1234 3646 1359 3701 enuntia·

795 3724 1133 3784 tmmumctz

830 3809 1020 3867 trauayrearus
1042 3802 1092 3869 est]
1114 3800 1158 3855 Ita
1175 3801 1241 3857 vc.
1261 3807 1292 3855 Γ.
1312 3802 1360 3855 dc·

225 3882 395 3949 Iuturnaliosl
417 3881 478 3937 Vat.
498 3884 575 3935 Γ.Δ.
593 3879 624 3931 a'u
635 3879 754 3947 ternpl03
791 3878 945 3947 psalterum
965 3886 1017 3931 ert
1036 3908 1070 3917 —
1098 3885 1359 3947 trauaqressaa

191 3974 287 4027 margo
306 3964 336 4011 Γ.
418 3957 565 4028 templana,-
586 3956 707 4011 Ursinus
726 3956 753 4009 in
796 3956 860 4011 vu.
878 3959 912 4011 Δ.

192 4034 306 4089 noticia
319 4036 478 4089 Tessaliam.
502 4034 632 4088 Correxit
645 4032 753 4103 Lipsius
830 4040 933 4085 statum
952 4031 1039 4099 urbas]
1059 4031 1077 4086 i.
1097 4049 1121 4086 e.
1139 4051 1184 4087 res
1202 4034 1333 4087 urbanas.

192 4112 226 4165 cf.
247 4111 315 4166 Tac.
334 4112 405 4170 Hist.
425 4113 466 4175 11,
491 4118 537 4171 13.
559 4118 582 4167 1.
619 4111 754 4165 irritatus
831 4108 996 4177 Mucianus]
1030 4110 1074 4162 M.
1094 4110 1221 4165 Licinius
1241 4111 1360 4165 &assus

191 4204 223 4243 ac
239 4189 348 4258 proelio
368 4190 483 4247 Othonis
501 4188 579 4243 ruta
595 4187 676 4241 uertit
695 4188 755 4245 tras
797 4186 965 4252 Mucianus,
995 4186 1161 4255 praecipuus
1188 4186 1360 4255 Vespasiano

190 4265 222 4320 ia
247 4266 429 4335 ambarum
447 4266 586 4321 Albium
609 4265 755 4319 Iutamr·
798 4261 947 4320 affectandi
968 4261 1079 4332 imperii
1104 4271 1203 4324 auctor
1221 4263 1304 4330 (Hist.
1322 4265 1362 4328 11,

191 4343 286 4397 lium.
327 4343 495 4406 strahow,
515 4349 545 4408 d,
569 4349 591 4399 1.
629 4340 699 4397 Plin.
717 4341 755 4397 H.
798 4342 850 4407 ru)
874 4347 904 4395 et
921 4339 1102 4397 consiliorum
1119 4340 1231 4395 adiutor
1254 4341 1305 4410 (Η.
1323 4340 1365 4409 11,

1100 4426 1146 4491 4*
