3067 4867
213 346 254 422 12
630 350 814 413 CORNELII
833 354 968 415 ΤΑΟΙΤΙ

213 529 420 614 Vangiones,
444 528 596 607 Triboci,
619 524 784 595 Nemetes.
827 530 879 595 Ne
900 529 980 595 Ubii
1004 529 1158 615 quidem,
1189 548 1415 618 quamquamt

211 638 361 703 Romana
388 640 517 705 colonie
546 662 617 706 esse
645 642 837 717 meruerint,
872 661 910 703 ac
939 639 1091 705 libentius
1119 642 1388 728 Agrippinenses

212 748 389 813 conditoris
410 750 461 814 sui
478 750 609 817 nomine
629 762 792 826 vocentur,
814 748 941 833 origine
961 750 1170 829 erubescunt,
1190 754 1389 837 transgressi

212 856 289 923 olim
316 872 348 923 et
374 862 598 946 experimento⁴
621 861 698 925 fidei
726 880 825 945 super
848 858 953 945 ipsam
975 859 1081 924 Rheni
1107 862 1212 947 ripam
1235 862 1390 927 collocati

210 977 247 1033 ut
269 980 429 1063 arcerent,
450 993 518 1034 non
537 981 574 1034 ut
599 970 848 1035 custodirentur.
874 960 1373 1093 ww

294 1078 431 1145 XXIX.
470 1080 628 1146 Onmium
648 1080 762 1143 harum
783 1078 928 1164 gentium
946 1080 1064 1143 virtute
1085 1078 1254 1166 praecipui
1269 1082 1390 1146 Batavi

210 1213 278 1254 non
299 1190 434 1254 multum
457 1211 497 1253 ex
521 1188 595 1274 ripa
622 1190 682 1253 sed
707 1188 846 1253 insulam
868 1188 974 1253 Rheni
997 1188 1100 1253 amnis
1123 1189 1250 1268 colunt,
1281 1190 1388 1257 Chat-

211 1311 317 1365 torum
340 1299 506 1383 quondam
528 1299 685 1385 populus,
714 1308 745 1363 et
767 1298 929 1363 seditione
953 1298 1131 1363 domestica
1156 1300 1190 1363 in
1212 1321 1266 1365 eas
1290 1302 1390 1366 sedes

210 1418 447 1493 transgressus,
476 1410 511 1472 in
534 1408 654 1495 quibus
677 1431 753 1495 pars
776 1408 915 1473 Romani
942 1408 1069 1493 imperii
1095 1409 1218 1474 fierent.
1268 1411 1416 1479 Meneta

211 1610 367 1668 attributivi
393 1612 492 1679 habet,
519 1627 592 1680 quae
618 1609 689 1663 ratio
712 1610 740 1661 h.
757 1610 775 1662 l.
819 1625 840 1662 c.
860 1616 884 1673 7,
904 1616 928 1665 4.
947 1612 982 1664 de
997 1610 1118 1677 feminis
1136 1611 1251 1681 legitur:
1273 1613 1312 1665 tr·
1330 1615 1391 1667 cui-

211 1692 251 1747 sic
275 1697 400 1743 constat:
430 1689 541 1758 „ipsam
566 1686 661 1740 Rheni
681 1686 775 1755 ripam
819 1704 871 1755 que
889 1686 1114 1740 sanctissimi
1130 1696 1245 1756 testes,
1264 1690 1302 1741 hi
1318 1708 1391 1743 ma·

210 1770 252 1833 ii,
276 1766 342 1837 qui
365 1766 444 1818 haud
466 1764 549 1817 dubie
570 1762 777 1817 Germanorum
818 1764 903 1816 stimi
919 1764 1134 1819 laudatores.
1154 1765 1298 1819 Interdum
1312 1766 1391 1821 enim

208 1845 312 1915 populi
323 1850 416 1909 suut,
429 1841 580 1894 incolunt.“
594 1858 618 1891 v.
633 1842 669 1892 ad
682 1857 705 1893 c.
715 1844 740 1902 8,
752 1844 775 1893 l.
819 1838 963 1893 masculini
982 1839 1093 1908 generis
1113 1842 1300 1905 substantiva,
1326 1845 1390 1913 qui·

252 1921 414 1988 Vangiones,
429 1919 549 1987 Triboci,
561 1915 698 1984 Nemetes]
714 1916 775 1969 Hae
819 1918 871 1970 bus
888 1914 1023 1969 constanti
1043 1935 1092 1969 usu
1107 1916 1193 1971 virilis
1206 1936 1328 1987 persona
1347 1928 1390 1973 st-

210 1999 338 2053 nationes
350 1996 378 2048 in
388 1994 498 2048 sinistra
509 1992 599 2047 Rheni
612 1993 674 2062 ripa
687 2000 776 2055 erant,
819 2010 874 2062 que
890 1992 1015 2046 condicio
1035 1992 1217 2060 significatur,
1236 1995 1259 2047 si
1272 1999 1390 2065 quando

211 2076 243 2129 iis
271 2076 330 2128 iere
355 2070 534 2141 regionibus,
565 2069 665 2138 quihus
692 2068 776 2121 hodie
819 2068 1390 2140 deseminisadhibendasunt‚nullasexus

211 2152 339 2206 Elsaciac
354 2157 382 2203 et
393 2147 563 2201 Palatinatui
574 2148 712 2199 Rhenano
726 2165 776 2201 no·
818 2146 928 2200 ratione
952 2146 1048 2199 hahita
1067 2148 1272 2201 abstractarum
1299 2149 1391 2203 instar

212 2248 275 2283 men
295 2235 345 2281 est.
819 2230 1006 2293 usurpantur;
1037 2222 1076 2277 ita
1104 2226 1181 2294 apud
1209 2224 1286 2298 Virg.
1315 2228 1390 2281 Aen.

246 2312 270 2361 1.
290 2305 334 2357 Ne
350 2301 415 2355 Ubii
425 2299 545 2370 quidem]
569 2300 674 2353 Omnes
696 2299 776 2352 codd.
820 2299 891 2364 XII,
909 2304 951 2354 21.
977 2298 1063 2352 Iuno:
1083 2309 1191 2365 auctor,
1210 2300 1317 2373 inquit,
1336 2321 1390 2371 ayo

211 2382 317 2437 Nubii
328 2380 446 2449 quidem.
461 2376 775 2431 CorrexitGruterus.
819 2376 952 2429 audendi.
983 2375 1064 2428 Ovid.
1088 2377 1204 2433 Heroid.
1222 2378 1307 2448 XVI,
1329 2386 1389 2435 114.

245 2457 405 2523 meruerint]
436 2454 453 2510 i.
476 2472 499 2508 e.
526 2452 631 2507 meritis
658 2451 714 2506 suis
739 2455 775 2505 de
819 2454 979 2521 Sponsor
999 2454 1124 2521 coniugii
1145 2462 1202 2507 stat
1221 2457 1288 2509 dea
1303 2458 1391 2527 picta

211 2536 328 2605 imperio
346 2534 426 2587 Rom.
448 2532 476 2585 id
496 2530 638 2585 consecuti
658 2530 725 2592 sint,
745 2539 776 2582 ut
817 2531 869 2585 sui.
899 2530 998 2602 Neque
1019 2529 1099 2584 aliter
1119 2532 1298 2587 recentiores.
1328 2534 1390 2588 Do·

211 2613 322 2668 colonia
343 2609 409 2663 fecti
429 2608 491 2661 siut.
523 2607 626 2661 Merita
644 2607 692 2660 illa
710 2609 775 2660 satis
818 2616 947 2660 cumento
977 2608 1028 2673 sit,
1060 2625 1143 2677 quam
1174 2609 1257 2663 animi
1288 2628 1390 2665 caussa

211 2691 325 2759 antiqua
343 2689 429 2749 luere,
448 2685 551 2755 quippe
568 2702 643 2752 quae
658 2701 692 2737 eo
709 2700 775 2737 con·
818 2700 1014 2751 commemoro,
1033 2685 1197 2739 Schloezeri
1211 2687 1270 2740 fitia
1282 2688 1389 2742 doctis-

211 2770 337 2829 stabant,
362 2765 439 2832 quod
461 2761 526 2815 Ubii
551 2772 658 2815 mature
684 2778 714 2815 se
738 2763 775 2815 ad
818 2760 903 2828 sima,
940 2764 975 2815 ab
1015 2760 1114 2815 ordine
1152 2763 1389 2835 philosophorum

211 2843 338 2899 Caesaris
350 2840 543 2911 applicuerant
555 2839 718 2902 amicitiam
737 2840 772 2894 cs.
818 2837 1009 2907 Gottingcnsi,
1029 2856 1114 2907 quum
1136 2857 1257 2895 summos
1276 2842 1305 2895 in
1325 2843 1389 2913 phi-

209 2924 243 2978 B.
256 2922 290 2975 G.
310 2919 359 2981 IV,
377 2923 401 2980 8,
417 2922 440 2971 3.
459 2916 510 2983 IV,
531 2922 571 2982 11,
583 2920 608 2970 3.
626 2916 676 2986 IV,
696 2922 736 2985 16,
749 2922 773 2971 5.
816 2913 945 2983 losophia
974 2917 1093 2969 honores
1122 2927 1296 2987 capesseret,
1327 2937 1388 2975 non

208 3000 259 3061 IV,
278 3002 319 3059 19,
341 3001 363 3049 1.
383 2994 432 3056 VI,
451 2998 492 3057 29,
512 2998 534 3047 l.
817 2991 926 3043 doctrin
955 2991 1164 3061 philosophiae,
1203 2997 1254 3049 sed
1286 2998 1390 3051 doctor

244 3073 374 3129 libentius
386 3101 420 3109 -
430 3068 569 3137 vocentur]
593 3068 626 3122 cf.
640 3068 711 3122 Hist.
724 3068 773 3136 1v,
816 3067 1010 3138 philosophiae
1030 3078 1131 3123 creata.

210 3159 251 3215 28,
269 3156 294 3206 2.
313 3149 402 3203 Actae
418 3146 564 3215 utrobique
575 3147 714 3216 praedae,
731 3146 773 3198 irt-
851 3146 1021 3214 erubescuut]
1042 3146 1076 3201 cf.
1094 3162 1117 3199 c.
1133 3151 1172 3210 13,
1186 3152 1211 3202 2.
1235 3148 1269 3203 N
1272 3166 1308 3203 ec
1327 3168 1387 3204 ru-

201 3230 310 3298 fertius
335 3226 366 3279 in
393 3224 483 3287 Ubiis,
511 3223 588 3291 quoa
610 3240 678 3289 pens
704 3221 776 3275 Ger-
816 3222 878 3274 tor
896 3223 968 3275 inter
986 3224 1096 3275 comites
1113 3225 1215 3293 aspici.

208 3306 337 3361 manicae
356 3301 474 3369 originis
491 3300 633 3352 eiurata
645 3301 774 3368 patria
850 3300 1024 3367 transgressi
1049 3299 1126 3369 olim]
1159 3301 1285 3357 Caesaris
1314 3312 1385 3357 tem·

99 3399 102 3404 ⁴
207 3386 446 3439 Romanorum
464 3392 581 3443 nomen
599 3376 774 3446 Agrippi·
814 3393 885 3448 pore
900 3376 928 3430 in
942 3380 1041 3429 dextra
1054 3377 1146 3430 Rheni
1160 3378 1221 3449 ripa
1235 3381 1383 3447 colebant3

207 3477 332 3516 nenses
350 3462 522 3509 vocentur.
815 3463 917 3522 postea
936 3455 971 3505 ab
991 3453 1118 3523 Agrippa
1137 3456 1293 3511 transducti
1312 3467 1384 3513 sunt.

243 3534 397 3591 conditoris
426 3532 480 3599 sue]
517 3546 555 3584 sc.
584 3529 773 3599 Agrippinae,
816 3528 1384 3602 ctAnn.X11,27‚1.Forreacoiaerar,
1434 3592 1438 3601 ,

206 3611 383 3686 imperatoris
397 3608 507 3662 Claudii
521 3607 631 3676 uxoris,
648 3607 684 3660 cf.
698 3607 770 3660 Anu.
814 3613 844 3659 ut
863 3623 925 3659 eam
941 3615 1046 3674 gentem
1057 3608 1155 3661 Rheno
1175 3618 1384 3679 transgressam

205 3692 366 3755 X11,27,1.
386 3683 627 3753 SedAarippina,
646 3699 699 3750 ¹quo
716 3683 773 3735 eim
814 3700 883 3735 auus
906 3684 1040 3753 Agrippa
1068 3686 1098 3737 ia
1120 3687 1210 3754 fidem
1236 3690 1384 3759 occureret.

206 3787 286 3823 seram
298 3763 383 3820 sociis
395 3778 501 3831 quoque
513 3760 670 3813 melonum
684 3767 772 3812 ostea-
815 3761 931 3815 Sueton.
944 3761 1042 3814 Octav.
1062 3779 1086 3817 c.
1102 3767 1143 3817 21.
1164 3764 1266 3819 Strabo
1279 3766 1329 3830 IV,
1340 3771 1366 3822 3.

206 3854 289 3913 taret,
308 3844 338 3897 in
356 3839 491 3910 oppidum
512 3836 651 3903 Ubiorum,
670 3835 699 3888 irs
717 3852 772 3904 quo
850 3838 1047 3908 coperimento]
1067 3838 1161 3897 Ablat.
1181 3842 1313 3895 caussalis
1333 3852 1382 3907 est,

206 3923 570 3993 penitaerat‚oeterauos
585 3912 771 3966 coloniam·
813 3940 848 3961 =
867 3923 986 3984 propter
1014 3922 1156 3983 aspertum
1183 3926 1209 3971 et
1227 3920 1383 3987 prolatam

206 4016 270 4069 que
288 3993 420 4049 deduci
437 3992 618 4061 impetrat,
636 3990 694 4041 cui
711 4007 770 4042 rto·
808 3992 897 4061 fidem
914 4008 1001 4044 suam

205 4093 284 4130 meu
313 4070 482 4125 inditum
512 4085 551 4121 aa
579 4067 770 4119 uocabulo
847 4067 1381 4143 amer—ripam]ieinipsa-ripa

206 4150 327 4222 ipsius.
346 4147 380 4200 Id
393 4147 494 4199 sactum
508 4142 693 4214 a.51.p.Chr.
702 4159 770 4195 n.-
846 4152 877 4197 ut
895 4144 1030 4212 arcerent]
1057 4145 1195 4201 Absolute
1214 4174 1249 4193 -ε
1267 4157 1299 4203 ut
1311 4167 1380 4220 pro·

207 4229 292 4291 Quod
317 4227 351 4277 de
375 4222 538 4291 Agrippina
561 4218 662 4274 dicitur
688 4238 771 4272 con·
808 4221 971 4291 prrqnaculo
989 4228 1084 4274 essent.

206 4302 346 4359 diteris
372 4300 428 4352 sui
450 4298 574 4366 momine,
601 4314 657 4349 non
682 4296 769 4366 magis
847 4306 877 4350 ut
894 4296 1109 4367 custodirentur]
1129 4299 1209 4354 Bene
1226 4302 1378 4357 Doeder-

206 4382 352 4437 offcnders
370 4382 469 4449 potest,
487 4394 570 4445 quam
588 4374 665 4443 quod
685 4390 770 4443 supra
813 4372 921 4429 linus:
940 4392 986 4429 um
1002 4382 1082 4430 unter
1092 4376 1226 4447 Aufsieltt
1243 4395 1278 4434 su
1292 4381 1379 4439 sata.
