3067 4867
486 1357 979 1435 PROLEGOMENA.

644 1568 812 1580 ——a—n—

232 1681 310 1796 lluo
334 1732 538 1818 potissimum
561 1741 646 1811 sunt,
669 1755 753 1818 quae
777 1733 819 1798 ad
841 1745 926 1800 reete
949 1732 1193 1820 intelligendam
1209 1714 1318 1802 Taciti

149 1842 356 1908 Germaniam
379 1845 491 1927 quaeri
514 1841 647 1919 debent,
671 1854 704 1907 et
725 1867 791 1930 quo
815 1844 951 1910 coneilio
975 1843 1156 1930 scripserit,
1178 1854 1210 1912 et
1231 1845 1317 1909 unde

148 1953 305 2033 hauserit,
334 1974 418 2038 quae
446 1953 487 2017 de
515 1953 687 2019 Germanis
717 1954 857 2020 tradidit.
911 1954 1076 2038 Quoniam
1104 1965 1211 2019 autem
1238 1978 1317 2022 oon-

148 2062 213 2128 silii
235 2061 415 2151 exploratio
439 2073 508 2129 tota
528 2063 667 2150 pendet,
690 2074 726 2130 ut
748 2065 843 2130 nobis
867 2064 999 2150 quidem
1021 2065 1161 2142 videtur,
1184 2087 1223 2130 ex
1244 2066 1317 2131 lon·

149 2172 228 2238 tium
250 2175 385 2250 ratione,
406 2174 517 2238 relicto
535 2173 663 2260 vulgari
682 2184 714 2240 et
731 2184 863 2262 recepto
884 2174 998 2242 ordine
1013 2175 1103 2264 priua
1120 2175 1160 2240 de
1174 2175 1317 2242 fontibus

148 2305 299 2370 agemus,
322 2306 360 2349 ao
382 2284 502 2349 deinde
525 2285 748 2370 quaestionem
772 2288 812 2352 de
835 2285 971 2351 consilio
994 2307 1233 2375 persequemur.

664 2572 752 2644 One.
775 2573 801 2640 Ι.

321 2725 362 2791 De'
383 2729 525 2804 lontibus,
548 2729 621 2790 nde
645 2730 760 2792 'laeltra
781 2747 828 2792 res
850 2733 985 2791 narratas
1003 2719 1144 2792 termut.
1308 2805 1313 2835 ι

234 2913 302 2996 Qui
329 2913 370 2978 de
392 2921 596 2977 externarum
617 2913 763 2999 gentium
786 2929 824 2978 ae
846 2923 1000 2977 terrarum
1022 2912 1155 2998 ingenio
1178 2914 1316 2992 tradunt,

148 3046 207 3090 eoa
230 3045 365 3090 neeesse
391 3033 440 3088 est
460 3023 514 3088 vel
539 3022 631 3110 ipsos
651 3023 725 3088 illas
746 3021 868 3088 vidisse
894 3033 926 3087 et
953 3023 1162 3110 cognovisse,
1190 3025 1259 3101 vel,
1290 3025 1318 3090 si

149 3157 217 3200 uon
236 3134 400 3210 viderunt,
428 3154 485 3198 eos
508 3144 656 3198 auctores
680 3133 790 3221 sequi,
820 3133 938 3220 quibus
961 3133 1112 3220 eontigit,
1139 3144 1175 3199 ut
1200 3134 1319 3200 inillis

150 3245 243 3310 terris
270 3254 369 3329 atque
398 3243 550 3329 gentibus
576 3254 787 3311 versarentur.
836 3245 955 3310 Utrum
989 3245 1029 3309 de
1057 3237 1173 3309 Taeito
1205 3244 1317 3324 valeat,

150 3379 251 3444 quum
271 3353 361 3420 nullo
389 3355 573 3421 testimonio
599 3364 741 3433 constet,
775 3365 849 3421 aute
881 3357 989 3420 omnia
1015 3355 1236 3440 quaerendum
1259 3365 1318 3433 est,

149 3467 287 3531 fueritne
314 3465 348 3528 in
374 3465 568 3544 Germania,
598 3488 639 3530 an
665 3487 741 3532 non.
784 3469 837 3530 Ao
863 3465 1008 3550 quamvis
1039 3465 1092 3529 alii
1120 3465 1200 3530 illud
1225 3466 1319 3531 valde

148 3577 306 3642 incertum
328 3597 400 3640 esse
423 3575 544 3653 diruant,
569 3576 624 3640 alii
646 3597 779 3662 prorsus
800 3585 934 3663 negent,
960 3585 1067 3641 tamen
1091 3576 1240 3641 omnibus
1263 3599 1316 3642 ae·

150 3696 261 3752 aurate
281 3687 439 3772 reputatis
467 3708 506 3752 eo
532 3686 738 3765 deducimur,
766 3697 802 3751 ut
828 3708 894 3751 non
919 3685 1117 3764 dubitemus,
1146 3687 1224 3771 quin
1246 3687 1318 3774 ipse

148 3795 357 3865 Germaniam
376 3796 505 3876 adierit,
525 3807 557 3861 et
574 3797 715 3882 aliquam
735 3807 822 3864 eerte
840 3807 964 3884 partem
978 3797 1053 3862 eius
1073 3807 1175 3862 terrae
1191 3797 1318 3865 viderit.

149 3909 331 3995 Fingamus
353 3907 440 3972 enim
460 3905 507 3973 ibi
528 3930 602 3973 non*
620 3907 737 3986 fuisse,
766 3930 925 3994 quaenam
944 3929 995 3972 res
1018 3928 1092 3973 eum
1113 3909 1237 3973 Romae
1260 3909 1317 3974 de·

150 4029 280 4106 gentem
302 4026 336 4082 et
353 4018 404 4082 vel
426 4017 630 4103 eloquentiae
650 4040 782 4104 operam
803 4019 933 4084 dantem
952 4017 1002 4082 vel
1024 4017 1199 4084 litterarum
1222 4029 1319 4105 atque

150 4128 304 4195 historiae
326 4129 434 4194 studio
453 4138 620 4194 vacantem
639 4151 767 4194 movere
786 4130 960 4216 potuisset,
980 4139 1017 4194 ut
1037 4129 1121 4217 inter
1141 4129 1199 4194 has
1220 4151 1318 4196 oocu-

150 4239 301 4327 pationee
330 4238 471 4304 animum
501 4238 680 4327 appelleret
711 4239 754 4304 ad
786 4257 902 4306 terram
933 4251 1128 4326 gentemque
1159 4240 1221 4306 sibi
1251 4264 1318 4307 nou

150 4350 256 4436 magis
291 4347 390 4434 quam
426 4351 540 4416 ueteris
569 4351 726 4416 Romanis
759 4350 924 4438 cognitam
961 4350 1209 4417 deseribendam
1243 4351 1317 4416 illu-

150 4459 404 4546 etrandamque?
457 4459 568 4548 Ignoti
601 4460 686 4528 enim
718 4460 808 4526 nulla
838 4461 976 4548 oupido,
1012 4460 1135 4527 nullum
1168 4461 1317 4530 studium.

203 4569 299 4613 ruem.
314 4571 402 4613 anan.
1092 4563 1108 4626 1
1186 4581 1192 4592 ·
