3067 4867
1025 478 1127 496 *K

197 526 315 620 Neque
344 526 540 621 poenituerit
568 534 787 621 provectiores
812 534 847 597 in
873 532 987 596 litteris
1010 532 1118 595 latinis
1140 532 1366 597 adolescentes

201 646 271 709 sine
297 655 511 732 praeceptore
533 654 675 709 nostram
697 644 874 729 Agricolae
902 642 1079 707 editionem
1101 642 1276 728 diligenter
1294 661 1367 711 vcr-

200 756 331 833 sauses,
354 756 446 820 cuius
465 778 531 841 ope
550 755 615 840 ipsi
635 777 693 840 per
713 776 748 819 se
770 753 937 840 scriptoris
960 752 1226 841 praestantissimi
1245 750 1367 839 proba·

200 864 295 929 bilem
318 866 466 929 notitiam
489 865 686 930 contrahant.

201 1006 206 1011 ·
283 974 493 1059 Quamquam
526 987 634 1039 autem
662 974 960 1060 interpretationem
987 974 1126 1060 primum
1154 974 1188 1037 in
1214 972 1276 1037 hac
1298 971 1367 1037 edi·

199 1085 288 1148 tione
316 1085 425 1149 locum
447 1085 594 1150 obtinere
615 1085 722 1163 volui,
754 1094 879 1161 tamen,
913 1085 1067 1169 quoniam
1085 1106 1127 1149 ea
1147 1104 1260 1169 parum
1281 1090 1370 1152 tecit

200 1194 363 1281 procedit,
390 1196 454 1259 nisi
482 1216 559 1259 vera
587 1218 626 1261 nc
654 1206 741 1260 certa
763 1197 828 1259 sint
849 1196 990 1260 auctoris
1011 1194 1128 1273 verba,
1159 1211 1241 1279 qnae
1263 1192 1368 1279 expli·

200 1314 331 1381 centur,
361 1328 427 1370 non
457 1306 588 1393 neglexi
613 1307 731 1370 iustam
760 1326 869 1371 curam
897 1306 1001 1369 textui
1029 1316 1119 1370 recte
1140 1301 1369 1369 constituendo
1393 1353 1398 1400 Ι

179 1413 399 1500 impendere.
447 1416 555 1497 Quam
582 1417 733 1481 vitiosam
754 1417 784 1480 is
805 1417 942 1480 formam
963 1416 1107 1479 induerit
1126 1414 1300 1479 Puteolani
1318 1404 1370 1478 ¹acl
1394 1416 1398 1502 ξ

201 1524 327 1589 menna
348 1526 398 1589 ver
420 1526 566 1603 lavitae,
587 1516 629 1591 ex
651 1527 743 1591 ouius
766 1527 909 1591 sartione
931 1526 1065 1610 ungara
1084 1526 1179 1589 suan
1200 1526 1369 1611 seriptum,
1395 1510 1399 1617 ᾗ

200 1634 284 1699 inter
314 1656 426 1699 omnes
458 1648 595 1701 constat.
639 1642 691 1702 Ac
712 1637 789 1701 licet
817 1636 1023 1720 sequentinm
1043 1636 1204 1700 editorum
1227 1634 1371 1699 sollertia

200 1745 288 1813 baud
318 1768 426 1831 pauca
455 1748 625 1811 emendata
654 1755 783 1824 essent,
815 1746 973 1833 imprimis
997 1768 1038 1811 ex
1060 1768 1125 1830 qno
1146 1745 1224 1809 inde
1245 1766 1266 1809 a
1287 1746 1370 1809 liro*
1396 1716 1400 1792 i

200 1856 283 1921 tenio
306 1857 439 1921 codices
461 1858 611 1923 Vaticani
633 1858 754 1943 respici
776 1857 885 1943 coepti
907 1866 992 1935 sunt,
1014 1855 1115 1920 multa
1142 1869 1255 1919 tamen·
1270 1854 1370 1919 dobin
1395 1837 1403 1913 l

200 1988 240 2030 ac
270 1965 448 2053 depravata
472 1978 713 2044 remanserunt,
743 1989 844 2051 quum
868 1967 1016 2053 plurimis
1037 1966 1119 2031 locis
1139 1965 1220 2050 quid
1233 1966 1372 2030 ‘codices

201 2076 417 2163 praeberent,
450 2078 596 2162 quidque
625 2076 665 2141 ab
698 2078 876 2143 editoribus
907 2078 1095 2143 coniectura
1121 2076 1246 2142 illatum
1275 2086 1371 2152 esset,

201 2183 423 2272 ignoraretur,
456 2200 492 2252 ut
518 2197 677 2275 perpetuo
708 2189 880 2254 fluctuaret
910 2188 1085 2265 iudicium,
1119 2188 1260 2273 plusque
1292 2208 1372 2251 eon-

202 2298 346 2362 iectandi
375 2297 510 2363 libidine
540 2320 639 2383 quam
667 2307 754 2363 certa
780 2300 907 2364 ratione
937 2308 1095 2385 ageretur.
1139 2296 1227 2362 Ante
1249 2316 1373 2383 paucos
1397 2297 1402 2355 l

203 2408 333 2473 demum
353 2430 467 2485 annos,
490 2430 591 2493 quum
613 2407 722 2474 Caroli
745 2410 856 2476 Wexii
879 2429 956 2474 cura
979 2410 1043 2474 duo
1065 2408 1196 2473 codices
1210 2407 1373 2493 Vaticani3
1399 2392 1404 2512 l

204 2518 261 2601 qui
281 2518 397 2582 unicus
418 2519 491 2584 fons
514 2530 563 2583 est
577 2520 763 2605 Agricolae,
787 2542 913 2584 summa
938 2520 1106 2605 diligentia
1121 2528 1153 2583 et
1167 2518 1374 2583 accuratione
1399 2514 1404 2529 ¹

203 2627 319 2691 iterum
341 2640 449 2693 essent
470 2629 597 2707 collati,
627 2653 693 2695 non
722 2631 962 2695 solum‘omnes
986 2630 1028 2693 de
1050 2630 1210 2715 scriptura
1229 2639 1375 2693 veterum

204 2748 486 2803 monumentorum
509 2740 729 2805 dubitationes
754 2740 902 2805 sublatae
924 2750 1009 2815 sunt,
1030 2739 1089 2803 sed
1111 2739 1208 2802 etiam
1230 2739 1376 2803 eiusdem

204 2848 314 2914 Wexii
346 2848 506 2913 industrio
537 2872 623 2915 nova
652 2850 748 2936 plane
776 2850 924 2915 recensio
956 2848 1097 2917 condita.
1148 2849 1227 2931 Quo
1255 2849 1375 2913 fonds·

204 2968 313 3024 mento
337 2980 437 3044 quum
459 2959 538 3024 haec
559 2970 671 3025 nostra
696 2961 807 3038 editio,
824 2972 866 3032 ,ut
887 2983 949 3047 par
968 2972 1028 3039 est,
1048 2960 1181 3037 nitatur,
1204 2979 1311 3047 pauca
1333 2960 1399 3074 de}

204 3068 267 3133 illis
289 3069 457 3135 codicibus
479 3070 619 3134 dicenda
639 3083 722 3136 sunt.
766 3071 945 3135 Vaticanus
970 3072 1104 3157 primus,
1125 3070 1189 3136 No.
1204 3070 1291 3135 3429
1305 3071 1398 3155 (0,ss

205 3178 393 3245 chartaceus
422 3189 491 3255 est,
528 3200 625 3245 manu
655 3182 835 3268 Pomponii
863 3181 959 3246 Laeti
988 3183 1073 3246 intra
1094 3203 1214 3245 annum
1238 3181 1321 3245 mro
1341 3190 1375 3244 et

205 3288 287 3353 1497
310 3290 458 3375 scriptus.
501 3290 712 3375 Quamquam
741 3292 919 3356 admodum
941 3313 1053 3356 recens
1076 3303 1184 3356 tamen
1206 3301 1300 3355 etex
1322 3307 1401 3355 sa·‘

206 3398 247 3463 tis
273 3398 361 3463 bono
392 3400 541 3486 exemplo
569 3401 679 3478 fluxit,
710 3410 742 3466 et
757 3424 885 3487 magna
916 3424 994 3467 cura
1016 3424 1037 3465 a
1056 3402 1174 3487 Pomp.
1199 3402 1306 3466 Laeto
1328 3411 1377 3465 est

206 3520 370 3586 exaratus,
389 3530 443 3587 ae,
465 3520 639 3596 postquam
663 3511 845 3597 descriptus
866 3512 944 3589 luit,
965 3513 1080 3576 iterum
1103 3513 1145 3576 ab
1167 3534 1207 3576 eo
1229 3511 1270 3575 ad
1293 3510 1379 3576 anti·

207 3640 306 3703 quum
328 3619 511 3705 exemplum
535 3616 678 3699 exactus,
701 3632 746 3699 ut,
772 3621 848 3687 licet
868 3622 956 3686 vitiis
978 3644 1045 3687 non
1067 3631 1184 3699 careat,
1207 3644 1291 3706 qnae
1306 3644 1376 3686 ma·

206 3727 324 3793 nimam
347 3740 473 3815 partem
493 3731 556 3795 iam
579 3732 612 3796 in
636 3732 812 3818 archetypo
833 3734 979 3810 luerunt,
1007 3754 1147 3817 magnae
1173 3733 1216 3797 sit
1237 3732 1378 3797 auctori·

206 3839 293 3916 tatis,
316 3841 549 3925 egregiumque
571 3841 689 3907 habeat
705 3866 799 3907 usum
813 3844 855 3906 ad
868 3842 969 3908 verba
984 3842 1161 3929 Agricolae
1176 3842 1380 3908 emendanda
1395 3876 1400 3906 l

207 3970 245 4013 ac
265 3960 359 4015 recte
374 3945 609 4018 constituenda.
653 3954 834 4021 Vaticanus
856 3953 953 4030 alter,
982 3954 1046 4021 No.
1067 3951 1153 4017 4498
1170 3956 1246 4036 (A),
1276 3971 1401 4041 mem-j

206 4058 402 4138 braccarae,
429 4060 539 4126 seculo
564 4082 609 4125 xv
636 4063 747 4127 nitidis
771 4064 903 4149 quidem
924 4063 1037 4128 litteris
1060 4063 1200 4150 scriptus
1222 4076 1291 4141 est,
1319 4042 1402 4129 sedi

207 4162 506 4236 sive'lestinatione
528 4182 560 4235 et
578 4172 704 4237 incuria
726 4174 794 4238 sive
814 4164 977 4261 imperitia
996 4164 1119 4239 librarii
1133 4174 1242 4241 multis
1258 4162 1377 4261 pecca-

208 4279 250 4343 tis
271 4280 416 4358 affectus,
437 4293 473 4345 ut
495 4302 554 4368 per
576 4304 612 4348 se
634 4282 800 4369 aliquanto
822 4285 958 4351 minoris
972 4285 1068 4373 pretii
1083 4284 1134 4349 sit.
1173 4285 1242 4351 Sed
1258 4284 1377 4351 nihilo·i

207 4389 333 4469 minus,
361 4412 461 4476 quum
490 4392 615 4478 aliquot
643 4392 724 4461 loeis
754 4396 843 4461 solus
870 4397 1051 4483 genuinam·
1071 4396 1244 4463 lectionem
1267 4418 1377 4462 serva-
