<?xml version="1.0" encoding="UTF-8"?>
<!DOCTYPE html PUBLIC "-//W3C//DTD XHTML 1.0 Transitional//EN"
    "http://www.w3.org/TR/xhtml1/DTD/xhtml1-transitional.dtd">
<html xmlns="http://www.w3.org/1999/xhtml" xml:lang="en" lang="en">
 <head>
  <title>
</title>
<meta http-equiv="Content-Type" content="text/html;charset=utf-8" />
  <meta name='ocr-system' content='tesseract 3.04.00' />
  <meta name='ocr-capabilities' content='ocr_page ocr_carea ocr_par ocr_line ocrx_word'/>
</head>
<body>
  <div class='ocr_page' id='page_1' title='image "./pcorneliitaciti00wexgoog/pcorneliitaciti00wexgoog_0206.png"; bbox 0 0 3067 4867; ppageno 0'>
   <div class='ocr_carea' id='block_1_1' title="bbox 190 359 1012 440">
    <p class='ocr_par' dir='ltr' id='par_1_1' title="bbox 190 359 1012 440">
     <span class='ocr_line' id='line_1_1' title="bbox 190 359 1012 440; baseline 0.004 -13"><span class='ocrx_word' id='word_1_1' title='bbox 190 375 231 440; x_wconf 86' lang='lat'>10</span> <span class='ocrx_word' id='word_1_2' title='bbox 531 374 835 430; x_wconf 79' lang='lat' dir='ltr'>rnonnoourus.</span> <span class='ocrx_word' id='word_1_3' title='bbox 873 359 955 430; x_wconf 71' lang='lat' dir='ltr'>cur.</span> <span class='ocrx_word' id='word_1_4' title='bbox 973 375 1012 430; x_wconf 87' lang='lat'>11.</span> 
     </span>
    </p>
   </div>
   <div class='ocr_carea' id='block_1_2' title="bbox 127 544 1360 3506">
    <p class='ocr_par' dir='ltr' id='par_1_2' title="bbox 127 544 1360 3506">
     <span class='ocr_line' id='line_1_2' title="bbox 188 544 1356 632; baseline -0.002 -22"><span class='ocrx_word' id='word_1_5' title='bbox 188 544 307 630; x_wconf 84' lang='lat' dir='ltr'>Longe</span> <span class='ocrx_word' id='word_1_6' title='bbox 334 566 413 609; x_wconf 84' lang='lat' dir='ltr'>vero</span> <span class='ocrx_word' id='word_1_7' title='bbox 442 545 585 632; x_wconf 88' lang='lat' dir='ltr'>ineptius</span> <span class='ocrx_word' id='word_1_8' title='bbox 611 545 743 622; x_wconf 83' lang='lat' dir='ltr'>fuisset,</span> <span class='ocrx_word' id='word_1_9' title='bbox 773 567 830 611; x_wconf 93' lang='lat' dir='ltr'>eos</span> <span class='ocrx_word' id='word_1_10' title='bbox 858 547 928 612; x_wconf 89' lang='lat' dir='ltr'>aliis</span> <span class='ocrx_word' id='word_1_11' title='bbox 957 545 1132 610; x_wconf 88' lang='lat' dir='ltr'>imitandos</span> <span class='ocrx_word' id='word_1_12' title='bbox 1162 563 1356 632; x_wconf 77' lang='lat' dir='ltr'>proponere,</span> 
     </span>
     <span class='ocr_line' id='line_1_3' title="bbox 188 655 1357 742; baseline 0.001 -24"><span class='ocrx_word' id='word_1_13' title='bbox 188 677 271 740; x_wconf 86' lang='lat' dir='ltr'>quos</span> <span class='ocrx_word' id='word_1_14' title='bbox 301 655 373 740; x_wconf 90' lang='lat' dir='ltr'>ipse</span> <span class='ocrx_word' id='word_1_15' title='bbox 402 666 509 720; x_wconf 83' lang='lat' dir='ltr'>narrat</span> <span class='ocrx_word' id='word_1_16' title='bbox 538 679 638 742; x_wconf 87' lang='lat' dir='ltr'>supra</span> <span class='ocrx_word' id='word_1_17' title='bbox 662 657 796 720; x_wconf 87' lang='lat' dir='ltr'>modum</span> <span class='ocrx_word' id='word_1_18' title='bbox 823 656 924 722; x_wconf 85' lang='lat' dir='ltr'>fuisse</span> <span class='ocrx_word' id='word_1_19' title='bbox 952 656 1075 734; x_wconf 89' lang='lat' dir='ltr'>ebrios,</span> <span class='ocrx_word' id='word_1_20' title='bbox 1106 655 1196 721; x_wconf 80' lang='lat' dir='ltr'>eleae</span> <span class='ocrx_word' id='word_1_21' title='bbox 1218 655 1357 735; x_wconf 81' lang='lat' dir='ltr'>deditus,</span> 
     </span>
     <span class='ocr_line' id='line_1_4' title="bbox 188 766 1357 853; baseline 0.001 -24"><span class='ocrx_word' id='word_1_22' title='bbox 188 766 302 852; x_wconf 86' lang='lat' dir='ltr'>pigros</span> <span class='ocrx_word' id='word_1_23' title='bbox 324 777 421 851; x_wconf 88' lang='lat' dir='ltr'>atque</span> <span class='ocrx_word' id='word_1_24' title='bbox 447 767 579 844; x_wconf 85' lang='lat' dir='ltr'>inertes,</span> <span class='ocrx_word' id='word_1_25' title='bbox 610 766 794 844; x_wconf 82' lang='lat' dir='ltr'>discordes,</span> <span class='ocrx_word' id='word_1_26' title='bbox 821 767 1011 847; x_wconf 86' lang='lat' dir='ltr'>iracundos,</span> <span class='ocrx_word' id='word_1_27' title='bbox 1040 766 1173 832; x_wconf 90' lang='lat' dir='ltr'>ultionis</span> <span class='ocrx_word' id='word_1_28' title='bbox 1195 766 1357 853; x_wconf 84' lang='lat' dir='ltr'>petendae</span> 
     </span>
     <span class='ocr_line' id='line_1_5' title="bbox 188 875 1356 963; baseline 0.002 -23"><span class='ocrx_word' id='word_1_29' title='bbox 188 875 367 962; x_wconf 88' lang='lat' dir='ltr'>cupiditate</span> <span class='ocrx_word' id='word_1_30' title='bbox 389 877 581 962; x_wconf 88' lang='lat' dir='ltr'>flagrantes,</span> <span class='ocrx_word' id='word_1_31' title='bbox 611 878 657 940; x_wconf 89' lang='lat' dir='ltr'>rei</span> <span class='ocrx_word' id='word_1_32' title='bbox 679 877 832 963; x_wconf 73' lang='lat' dir='ltr'>pubticae</span> <span class='ocrx_word' id='word_1_33' title='bbox 853 879 1035 943; x_wconf 91' lang='lat' dir='ltr'>incuriosos</span> <span class='ocrx_word' id='word_1_34' title='bbox 1058 888 1157 963; x_wconf 86' lang='lat' dir='ltr'>atque</span> <span class='ocrx_word' id='word_1_35' title='bbox 1177 877 1356 963; x_wconf 88' lang='lat' dir='ltr'>imperitos,</span> 
     </span>
     <span class='ocr_line' id='line_1_6' title="bbox 187 985 1357 1074; baseline 0 -24"><span class='ocrx_word' id='word_1_36' title='bbox 187 985 344 1051; x_wconf 80' lang='lat' dir='ltr'><strong>libertatis</strong></span> <span class='ocrx_word' id='word_1_37' title='bbox 365 987 497 1071; x_wconf 90' lang='lat' dir='ltr'>quidem</span> <span class='ocrx_word' id='word_1_38' title='bbox 520 996 679 1064; x_wconf 87' lang='lat' dir='ltr'>amantes,</span> <span class='ocrx_word' id='word_1_39' title='bbox 709 989 768 1053; x_wconf 89' lang='lat' dir='ltr'>sed</span> <span class='ocrx_word' id='word_1_40' title='bbox 790 1012 857 1054; x_wconf 91' lang='lat' dir='ltr'>non</span> <span class='ocrx_word' id='word_1_41' title='bbox 878 989 962 1052; x_wconf 79' lang='lat' dir='ltr'>ultre</span> <span class='ocrx_word' id='word_1_42' title='bbox 985 1009 1075 1052; x_wconf 90' lang='lat' dir='ltr'>suam</span> <span class='ocrx_word' id='word_1_43' title='bbox 1099 1009 1260 1074; x_wconf 81' lang='lat' dir='ltr'><strong>quemque</strong></span> <span class='ocrx_word' id='word_1_44' title='bbox 1282 1009 1357 1073; x_wconf 90' lang='lat' dir='ltr'>per-</span> 
     </span>
     <span class='ocr_line' id='line_1_7' title="bbox 188 1097 1357 1184; baseline 0 -23"><span class='ocrx_word' id='word_1_45' title='bbox 188 1119 312 1176; x_wconf 88' lang='lat' dir='ltr'>sonam,</span> <span class='ocrx_word' id='word_1_46' title='bbox 332 1097 472 1183; x_wconf 86' lang='lat' dir='ltr'>denique</span> <span class='ocrx_word' id='word_1_47' title='bbox 492 1098 689 1184; x_wconf 77' lang='lat' dir='ltr'>imperiosae</span> <span class='ocrx_word' id='word_1_48' title='bbox 711 1100 915 1164; x_wconf 78' lang='lat' dir='ltr'><strong>sacerdotum</strong></span> <span class='ocrx_word' id='word_1_49' title='bbox 934 1099 1058 1164; x_wconf 84' lang='lat' dir='ltr'>nationi</span> <span class='ocrx_word' id='word_1_50' title='bbox 1078 1099 1124 1162; x_wconf 86' lang='lat' dir='ltr'>ita</span> <span class='ocrx_word' id='word_1_51' title='bbox 1143 1099 1357 1184; x_wconf 85' lang='lat' dir='ltr'>mancipatos,</span> 
     </span>
     <span class='ocr_line' id='line_1_8' title="bbox 186 1207 1357 1295; baseline 0.001 -25"><span class='ocrx_word' id='word_1_52' title='bbox 186 1218 222 1271; x_wconf 91' lang='lat' dir='ltr'>ut</span> <span class='ocrx_word' id='word_1_53' title='bbox 248 1208 314 1293; x_wconf 91' lang='lat' dir='ltr'>ipsi</span> <span class='ocrx_word' id='word_1_54' title='bbox 339 1231 434 1292; x_wconf 86' lang='lat' dir='ltr'>reges</span> <span class='ocrx_word' id='word_1_55' title='bbox 460 1220 557 1293; x_wconf 83' lang='lat' dir='ltr'>utque</span> <span class='ocrx_word' id='word_1_56' title='bbox 586 1209 752 1295; x_wconf 78' lang='lat' dir='ltr'>principes</span> <span class='ocrx_word' id='word_1_57' title='bbox 780 1209 907 1274; x_wconf 87' lang='lat' dir='ltr'>illorum</span> <span class='ocrx_word' id='word_1_58' title='bbox 930 1207 1061 1275; x_wconf 90' lang='lat' dir='ltr'>arbitrio</span> <span class='ocrx_word' id='word_1_59' title='bbox 1089 1219 1245 1295; x_wconf 85' lang='lat' dir='ltr'>tanquam</span> <span class='ocrx_word' id='word_1_60' title='bbox 1267 1229 1357 1272; x_wconf 90' lang='lat' dir='ltr'>com-</span> 
     </span>
     <span class='ocr_line' id='line_1_9' title="bbox 187 1317 1358 1405; baseline -0.002 -23"><span class='ocrx_word' id='word_1_61' title='bbox 187 1317 328 1404; x_wconf 89' lang='lat' dir='ltr'>pedibus</span> <span class='ocrx_word' id='word_1_62' title='bbox 350 1319 514 1383; x_wconf 77' lang='lat' dir='ltr'>constricti</span> <span class='ocrx_word' id='word_1_63' title='bbox 540 1330 638 1405; x_wconf 89' lang='lat' dir='ltr'>atque</span> <span class='ocrx_word' id='word_1_64' title='bbox 663 1319 763 1383; x_wconf 90' lang='lat' dir='ltr'>vincti</span> <span class='ocrx_word' id='word_1_65' title='bbox 792 1329 984 1389; x_wconf 86' lang='lat' dir='ltr'>tenerentur.</span> <span class='ocrx_word' id='word_1_66' title='bbox 1029 1319 1097 1386; x_wconf 86' lang='lat' dir='ltr'>Sed</span> <span class='ocrx_word' id='word_1_67' title='bbox 1120 1320 1280 1405; x_wconf 87' lang='lat' dir='ltr'>fingamus</span> <span class='ocrx_word' id='word_1_68' title='bbox 1302 1318 1358 1382; x_wconf 84' lang='lat' dir='ltr'>iila</span> 
     </span>
     <span class='ocr_line' id='line_1_10' title="bbox 186 1429 1357 1516; baseline 0 -24"><span class='ocrx_word' id='word_1_69' title='bbox 186 1429 265 1492; x_wconf 83' lang='lat' dir='ltr'>&#39;vitia</span> <span class='ocrx_word' id='word_1_70' title='bbox 280 1429 452 1494; x_wconf 88' lang='lat' dir='ltr'>Germanis</span> <span class='ocrx_word' id='word_1_71' title='bbox 474 1452 541 1494; x_wconf 90' lang='lat' dir='ltr'>non</span> <span class='ocrx_word' id='word_1_72' title='bbox 562 1431 673 1506; x_wconf 85' lang='lat' dir='ltr'>fuisse,</span> <span class='ocrx_word' id='word_1_73' title='bbox 695 1451 871 1516; x_wconf 90' lang='lat' dir='ltr'>eorumque</span> <span class='ocrx_word' id='word_1_74' title='bbox 893 1431 967 1496; x_wconf 93' lang='lat' dir='ltr'>loco</span> <span class='ocrx_word' id='word_1_75' title='bbox 990 1431 1167 1496; x_wconf 82' lang='lat' dir='ltr'>contrarias</span> <span class='ocrx_word' id='word_1_76' title='bbox 1189 1429 1279 1516; x_wconf 86' lang='lat' dir='ltr'>apud</span> <span class='ocrx_word' id='word_1_77' title='bbox 1301 1447 1357 1492; x_wconf 91' lang='lat' dir='ltr'>eos</span> 
     </span>
     <span class='ocr_line' id='line_1_11' title="bbox 187 1538 1359 1627; baseline -0.002 -24"><span class='ocrx_word' id='word_1_78' title='bbox 187 1538 320 1604; x_wconf 88' lang='lat' dir='ltr'>virtutes</span> <span class='ocrx_word' id='word_1_79' title='bbox 349 1540 516 1625; x_wconf 83' lang='lat' dir='ltr'>viguisse:</span> <span class='ocrx_word' id='word_1_80' title='bbox 549 1564 658 1606; x_wconf 91' lang='lat' dir='ltr'>nonne</span> <span class='ocrx_word' id='word_1_81' title='bbox 688 1541 785 1606; x_wconf 89' lang='lat' dir='ltr'>etiam</span> <span class='ocrx_word' id='word_1_82' title='bbox 816 1542 863 1606; x_wconf 91' lang='lat' dir='ltr'>sic</span> <span class='ocrx_word' id='word_1_83' title='bbox 891 1563 1028 1627; x_wconf 78' lang='lat' dir='ltr'>magnae</span> <span class='ocrx_word' id='word_1_84' title='bbox 1060 1540 1213 1605; x_wconf 76' lang='lat' dir='ltr'>stultitiae</span> <span class='ocrx_word' id='word_1_85' title='bbox 1244 1539 1359 1603; x_wconf 84' lang='lat' dir='ltr'>fuisset</span> 
     </span>
     <span class='ocr_line' id='line_1_12' title="bbox 188 1648 1358 1738; baseline -0.003 -23"><span class='ocrx_word' id='word_1_86' title='bbox 188 1671 320 1736; x_wconf 87' lang='lat' dir='ltr'>sperare</span> <span class='ocrx_word' id='word_1_87' title='bbox 352 1672 392 1714; x_wconf 84' lang='lat' dir='ltr'>ea</span> <span class='ocrx_word' id='word_1_88' title='bbox 423 1659 521 1736; x_wconf 83' lang='lat' dir='ltr'>&#39;gente</span> <span class='ocrx_word' id='word_1_89' title='bbox 554 1652 769 1717; x_wconf 88' lang='lat' dir='ltr'>describenda</span> <span class='ocrx_word' id='word_1_90' title='bbox 797 1652 933 1738; x_wconf 88' lang='lat' dir='ltr'>perditis</span> <span class='ocrx_word' id='word_1_91' title='bbox 961 1653 1183 1717; x_wconf 84' lang='lat' dir='ltr'>Romanorum</span> <span class='ocrx_word' id='word_1_92' title='bbox 1214 1648 1358 1715; x_wconf 87' lang='lat' dir='ltr'>moribus</span> 
     </span>
     <span class='ocr_line' id='line_1_13' title="bbox 188 1758 1358 1848; baseline -0.003 -23"><span class='ocrx_word' id='word_1_93' title='bbox 188 1761 314 1825; x_wconf 89' lang='lat' dir='ltr'>consuli</span> <span class='ocrx_word' id='word_1_94' title='bbox 337 1762 457 1846; x_wconf 83' lang='lat' dir='ltr'>posse?</span> <span class='ocrx_word' id='word_1_95' title='bbox 499 1761 631 1828; x_wconf 85' lang='lat' dir='ltr'>Scilicet</span> <span class='ocrx_word' id='word_1_96' title='bbox 652 1786 719 1828; x_wconf 93' lang='lat' dir='ltr'>non</span> <span class='ocrx_word' id='word_1_97' title='bbox 740 1763 786 1826; x_wconf 86' lang='lat' dir='ltr'>ita</span> <span class='ocrx_word' id='word_1_98' title='bbox 810 1763 1021 1828; x_wconf 87' lang='lat' dir='ltr'>emendantur</span> <span class='ocrx_word' id='word_1_99' title='bbox 1044 1761 1210 1848; x_wconf 87' lang='lat' dir='ltr'>depravati</span> <span class='ocrx_word' id='word_1_100' title='bbox 1232 1758 1358 1846; x_wconf 85' lang='lat' dir='ltr'>populi,</span> 
     </span>
     <span class='ocr_line' id='line_1_14' title="bbox 151 1871 1357 1959; baseline -0.002 -23"><span class='ocrx_word' id='word_1_101' title='bbox 151 1952 154 1958; x_wconf 24' lang='grc' dir='ltr'>Ι</span> <span class='ocrx_word' id='word_1_102' title='bbox 187 1890 294 1956; x_wconf 87' lang='lat' dir='ltr'>neque</span> <span class='ocrx_word' id='word_1_103' title='bbox 315 1872 456 1936; x_wconf 88' lang='lat' dir='ltr'>Romani</span> <span class='ocrx_word' id='word_1_104' title='bbox 485 1873 531 1936; x_wconf 89' lang='lat' dir='ltr'>ita</span> <span class='ocrx_word' id='word_1_105' title='bbox 557 1873 721 1938; x_wconf 88' lang='lat' dir='ltr'>emendari</span> <span class='ocrx_word' id='word_1_106' title='bbox 748 1885 893 1959; x_wconf 88' lang='lat' dir='ltr'>potuere.</span> <span class='ocrx_word' id='word_1_107' title='bbox 937 1871 1005 1955; x_wconf 83' lang='lat' dir='ltr'>Qui</span> <span class='ocrx_word' id='word_1_108' title='bbox 1033 1895 1133 1958; x_wconf 90' lang='lat' dir='ltr'>quum</span> <span class='ocrx_word' id='word_1_109' title='bbox 1158 1871 1263 1958; x_wconf 92' lang='lat' dir='ltr'>primo</span> <span class='ocrx_word' id='word_1_110' title='bbox 1289 1892 1357 1934; x_wconf 87' lang='lat' dir='ltr'>ma-</span> 
     </span>
     <span class='ocr_line' id='line_1_15' title="bbox 187 1981 1359 2070; baseline -0.003 -24"><span class='ocrx_word' id='word_1_111' title='bbox 187 1982 382 2064; x_wconf 84' lang='lat' dir='ltr'>gistratuum</span> <span class='ocrx_word' id='word_1_112' title='bbox 402 1981 491 2046; x_wconf 87' lang='lat' dir='ltr'>vitiis</span> <span class='ocrx_word' id='word_1_113' title='bbox 518 1983 787 2068; x_wconf 79' lang='lat' dir='ltr'>degenerassent,</span> <span class='ocrx_word' id='word_1_114' title='bbox 813 2006 851 2049; x_wconf 90' lang='lat' dir='ltr'>ac</span> <span class='ocrx_word' id='word_1_115' title='bbox 877 1984 995 2048; x_wconf 88' lang='lat' dir='ltr'>deinde</span> <span class='ocrx_word' id='word_1_116' title='bbox 1018 1985 1117 2069; x_wconf 86' lang='lat' dir='ltr'>longa</span> <span class='ocrx_word' id='word_1_117' title='bbox 1143 1981 1359 2070; x_wconf 89' lang='lat' dir='ltr'>pessimorum</span> 
     </span>
     <span class='ocr_line' id='line_1_16' title="bbox 187 2091 1360 2181; baseline -0.003 -24"><span class='ocrx_word' id='word_1_118' title='bbox 187 2091 417 2179; x_wconf 83' lang='lat' dir='ltr'>imperatorum</span> <span class='ocrx_word' id='word_1_119' title='bbox 449 2092 532 2157; x_wconf 88' lang='lat' dir='ltr'>serie</span> <span class='ocrx_word' id='word_1_120' title='bbox 562 2115 696 2181; x_wconf 90' lang='lat' dir='ltr'>prorsus</span> <span class='ocrx_word' id='word_1_121' title='bbox 726 2106 836 2158; x_wconf 84' lang='lat' dir='ltr'>essent</span> <span class='ocrx_word' id='word_1_122' title='bbox 865 2095 1082 2180; x_wconf 85' lang='lat' dir='ltr'>pessumdati,</span> <span class='ocrx_word' id='word_1_123' title='bbox 1117 2115 1175 2179; x_wconf 88' lang='lat' dir='ltr'>per</span> <span class='ocrx_word' id='word_1_124' title='bbox 1204 2115 1239 2157; x_wconf 91' lang='lat' dir='ltr'>se</span> <span class='ocrx_word' id='word_1_125' title='bbox 1269 2100 1360 2178; x_wconf 89' lang='lat' dir='ltr'>patet</span> 
     </span>
     <span class='ocr_line' id='line_1_17' title="bbox 187 2202 1360 2291; baseline -0.002 -25"><span class='ocrx_word' id='word_1_126' title='bbox 187 2202 353 2268; x_wconf 86' lang='lat' dir='ltr'>meliorem</span> <span class='ocrx_word' id='word_1_127' title='bbox 380 2202 518 2268; x_wconf 74' lang='lat' dir='ltr'>civitatis</span> <span class='ocrx_word' id='word_1_128' title='bbox 546 2213 665 2268; x_wconf 86' lang='lat' dir='ltr'>statum</span> <span class='ocrx_word' id='word_1_129' title='bbox 693 2205 793 2270; x_wconf 90' lang='lat' dir='ltr'>multo</span> <span class='ocrx_word' id='word_1_130' title='bbox 823 2206 940 2270; x_wconf 86' lang='lat' dir='ltr'>certius</span> <span class='ocrx_word' id='word_1_131' title='bbox 970 2227 1029 2291; x_wconf 87' lang='lat' dir='ltr'>per</span> <span class='ocrx_word' id='word_1_132' title='bbox 1055 2227 1154 2269; x_wconf 89' lang='lat' dir='ltr'>unum</span> <span class='ocrx_word' id='word_1_133' title='bbox 1181 2223 1360 2288; x_wconf 81' lang='lat' dir='ltr'>generosae</span> 
     </span>
     <span class='ocr_line' id='line_1_18' title="bbox 187 2311 1358 2402; baseline -0.002 -24"><span class='ocrx_word' id='word_1_134' title='bbox 187 2313 308 2378; x_wconf 85' lang='lat' dir='ltr'>indolis</span> <span class='ocrx_word' id='word_1_135' title='bbox 340 2324 571 2399; x_wconf 87' lang='lat' dir='ltr'>strenuumque</span> <span class='ocrx_word' id='word_1_136' title='bbox 602 2317 785 2402; x_wconf 86' lang='lat' dir='ltr'>principem</span> <span class='ocrx_word' id='word_1_137' title='bbox 816 2315 899 2380; x_wconf 85' lang='lat' dir='ltr'>effici</span> <span class='ocrx_word' id='word_1_138' title='bbox 929 2317 1076 2402; x_wconf 88' lang='lat' dir='ltr'>potuisse</span> <span class='ocrx_word' id='word_1_139' title='bbox 1108 2335 1206 2400; x_wconf 86' lang='lat' dir='ltr'>quam</span> <span class='ocrx_word' id='word_1_140' title='bbox 1235 2311 1358 2388; x_wconf 88' lang='lat' dir='ltr'>libello,</span> 
     </span>
     <span class='ocr_line' id='line_1_19' title="bbox 127 2423 1359 2511; baseline -0.002 -23"><span class='ocrx_word' id='word_1_141' title='bbox 127 2445 131 2458; x_wconf 92' lang='lat'><em>·</em></span> <span class='ocrx_word' id='word_1_142' title='bbox 188 2424 246 2511; x_wconf 90' lang='lat' dir='ltr'>qui</span> <span class='ocrx_word' id='word_1_143' title='bbox 272 2426 306 2488; x_wconf 92' lang='lat' dir='ltr'>in</span> <span class='ocrx_word' id='word_1_144' title='bbox 328 2446 565 2510; x_wconf 81' lang='lat' dir='ltr'>perpaucorum</span> <span class='ocrx_word' id='word_1_145' title='bbox 593 2448 706 2490; x_wconf 88' lang='lat' dir='ltr'>manus</span> <span class='ocrx_word' id='word_1_146' title='bbox 728 2437 882 2491; x_wconf 87' lang='lat' dir='ltr'>venturus</span> <span class='ocrx_word' id='word_1_147' title='bbox 905 2437 991 2491; x_wconf 87' lang='lat' dir='ltr'>esset</span> <span class='ocrx_word' id='word_1_148' title='bbox 1019 2448 1057 2492; x_wconf 82' lang='lat' dir='ltr'>sc</span> <span class='ocrx_word' id='word_1_149' title='bbox 1079 2447 1121 2490; x_wconf 90' lang='lat' dir='ltr'>ne</span> <span class='ocrx_word' id='word_1_150' title='bbox 1144 2425 1261 2490; x_wconf 86' lang='lat' dir='ltr'>claram</span> <span class='ocrx_word' id='word_1_151' title='bbox 1283 2423 1359 2509; x_wconf 85' lang='lat' dir='ltr'>qui-</span> 
     </span>
     <span class='ocr_line' id='line_1_20' title="bbox 188 2534 1358 2621; baseline -0.003 -22"><span class='ocrx_word' id='word_1_152' title='bbox 188 2535 262 2600; x_wconf 88' lang='lat' dir='ltr'>dem</span> <span class='ocrx_word' id='word_1_153' title='bbox 284 2535 411 2600; x_wconf 83' lang='lat' dir='ltr'>consilii</span> <span class='ocrx_word' id='word_1_154' title='bbox 431 2535 703 2621; x_wconf 83' lang='lat' dir='ltr'>significationem</span> <span class='ocrx_word' id='word_1_155' title='bbox 723 2536 866 2601; x_wconf 81' lang='lat' dir='ltr'>haberet.</span> <span class='ocrx_word' id='word_1_156' title='bbox 911 2537 951 2600; x_wconf 90' lang='lat' dir='ltr'>Id</span> <span class='ocrx_word' id='word_1_157' title='bbox 966 2559 1042 2600; x_wconf 90' lang='lat' dir='ltr'>vero</span> <span class='ocrx_word' id='word_1_158' title='bbox 1058 2537 1183 2621; x_wconf 81' lang='lat' dir='ltr'>fugisse</span> <span class='ocrx_word' id='word_1_159' title='bbox 1197 2534 1358 2608; x_wconf 79' lang='lat' dir='ltr'>Tacitum,</span> 
     </span>
     <span class='ocr_line' id='line_1_21' title="bbox 187 2644 1358 2736; baseline -0.002 -26"><span class='ocrx_word' id='word_1_160' title='bbox 187 2655 277 2711; x_wconf 80' lang='lat' dir='ltr'>tanto</span> <span class='ocrx_word' id='word_1_161' title='bbox 306 2645 471 2724; x_wconf 73' lang='lat' dir='ltr'>acumine,</span> <span class='ocrx_word' id='word_1_162' title='bbox 503 2647 677 2733; x_wconf 86' lang='lat' dir='ltr'>prudentia</span> <span class='ocrx_word' id='word_1_163' title='bbox 704 2669 742 2711; x_wconf 88' lang='lat' dir='ltr'>ac</span> <span class='ocrx_word' id='word_1_164' title='bbox 772 2669 877 2712; x_wconf 87' lang='lat' dir='ltr'>rerum</span> <span class='ocrx_word' id='word_1_165' title='bbox 905 2669 968 2713; x_wconf 86' lang='lat' dir='ltr'>usu</span> <span class='ocrx_word' id='word_1_166' title='bbox 996 2646 1205 2733; x_wconf 87' lang='lat' dir='ltr'>praeditum?</span> <span class='ocrx_word' id='word_1_167' title='bbox 1252 2644 1358 2736; x_wconf 76' lang='lat' dir='ltr'>Nemo</span> 
     </span>
     <span class='ocr_line' id='line_1_22' title="bbox 187 2755 1358 2842; baseline -0.003 -22"><span class='ocrx_word' id='word_1_168' title='bbox 187 2756 251 2821; x_wconf 87' lang='lat' dir='ltr'>hoc</span> <span class='ocrx_word' id='word_1_169' title='bbox 279 2757 405 2833; x_wconf 89' lang='lat' dir='ltr'>credet,</span> <span class='ocrx_word' id='word_1_170' title='bbox 435 2756 488 2821; x_wconf 87' lang='lat' dir='ltr'>cui</span> <span class='ocrx_word' id='word_1_171' title='bbox 515 2755 685 2821; x_wconf 86' lang='lat' dir='ltr'>subactum</span> <span class='ocrx_word' id='word_1_172' title='bbox 712 2757 885 2842; x_wconf 85' lang='lat' dir='ltr'>ingenium.</span> <span class='ocrx_word' id='word_1_173' title='bbox 908 2767 975 2834; x_wconf 85' lang='lat' dir='ltr'>est3</span> <span class='ocrx_word' id='word_1_174' title='bbox 1009 2758 1143 2822; x_wconf 86' lang='lat' dir='ltr'>credent</span> <span class='ocrx_word' id='word_1_175' title='bbox 1170 2757 1309 2821; x_wconf 85' lang='lat' dir='ltr'>fortasse</span> <span class='ocrx_word' id='word_1_176' title='bbox 1335 2755 1358 2817; x_wconf 90' lang='lat' dir='ltr'>ii</span> 
     </span>
     <span class='ocr_line' id='line_1_23' title="bbox 187 2865 1358 2954; baseline -0.002 -23"><span class='ocrx_word' id='word_1_177' title='bbox 187 2866 297 2943; x_wconf 87' lang='lat' dir='ltr'>modo,</span> <span class='ocrx_word' id='word_1_178' title='bbox 318 2869 375 2951; x_wconf 89' lang='lat' dir='ltr'>qui</span> <span class='ocrx_word' id='word_1_179' title='bbox 394 2865 504 2932; x_wconf 86' lang='lat' dir='ltr'>verbis</span> <span class='ocrx_word' id='word_1_180' title='bbox 525 2866 637 2933; x_wconf 86' lang='lat' dir='ltr'>ludere</span> <span class='ocrx_word' id='word_1_181' title='bbox 658 2869 764 2953; x_wconf 87' lang='lat' dir='ltr'>magis</span> <span class='ocrx_word' id='word_1_182' title='bbox 785 2890 881 2954; x_wconf 87' lang='lat' dir='ltr'>quam</span> <span class='ocrx_word' id='word_1_183' title='bbox 904 2889 1009 2932; x_wconf 88' lang='lat' dir='ltr'>rerum</span> <span class='ocrx_word' id='word_1_184' title='bbox 1031 2868 1197 2933; x_wconf 87' lang='lat' dir='ltr'>veritatem</span> <span class='ocrx_word' id='word_1_185' title='bbox 1216 2887 1358 2952; x_wconf 89' lang='lat' dir='ltr'>perpen-</span> 
     </span>
     <span class='ocr_line' id='line_1_24' title="bbox 136 2977 1359 3062; baseline -0.001 -21"><span class='ocrx_word' id='word_1_186' title='bbox 136 2989 151 2995; x_wconf 81' lang='grc'><em>“</em></span> <span class='ocrx_word' id='word_1_187' title='bbox 188 2977 265 3042; x_wconf 81' lang='lat' dir='ltr'>dere</span> <span class='ocrx_word' id='word_1_188' title='bbox 287 2977 434 3042; x_wconf 91' lang='lat' dir='ltr'>consueti</span> <span class='ocrx_word' id='word_1_189' title='bbox 455 2978 590 3041; x_wconf 85' lang='lat' dir='ltr'>eandem</span> <span class='ocrx_word' id='word_1_190' title='bbox 607 2978 801 3045; x_wconf 85' lang='lat' dir='ltr'>Germaniae</span> <span class='ocrx_word' id='word_1_191' title='bbox 816 2979 879 3042; x_wconf 88' lang='lat' dir='ltr'>vim</span> <span class='ocrx_word' id='word_1_192' title='bbox 895 2977 1072 3042; x_wconf 86' lang='lat' dir='ltr'>attribuunt</span> <span class='ocrx_word' id='word_1_193' title='bbox 1091 2979 1132 3042; x_wconf 88' lang='lat' dir='ltr'>ad</span> <span class='ocrx_word' id='word_1_194' title='bbox 1148 2977 1359 3062; x_wconf 86' lang='lat' dir='ltr'>corrigendos</span> 
     </span>
     <span class='ocr_line' id='line_1_25' title="bbox 187 3087 1360 3174; baseline -0.003 -22"><span class='ocrx_word' id='word_1_195' title='bbox 187 3088 411 3153; x_wconf 86' lang='lat' dir='ltr'>Romanorum</span> <span class='ocrx_word' id='word_1_196' title='bbox 432 3087 572 3164; x_wconf 84' lang='lat' dir='ltr'>animos,</span> <span class='ocrx_word' id='word_1_197' title='bbox 603 3109 701 3174; x_wconf 82' lang='lat' dir='ltr'>quum</span> <span class='ocrx_word' id='word_1_198' title='bbox 723 3089 830 3154; x_wconf 90' lang='lat' dir='ltr'>inesse</span> <span class='ocrx_word' id='word_1_199' title='bbox 852 3087 964 3153; x_wconf 89' lang='lat' dir='ltr'>volunt</span> <span class='ocrx_word' id='word_1_200' title='bbox 987 3089 1050 3153; x_wconf 89' lang='lat' dir='ltr'>illis</span> <span class='ocrx_word' id='word_1_201' title='bbox 1078 3088 1360 3167; x_wconf 81' lang='lat' dir='ltr'>„troctatiuaculis“</span> 
     </span>
     <span class='ocr_line' id='line_1_26' title="bbox 189 3197 1359 3285; baseline -0.003 -22"><span class='ocrx_word' id='word_1_202' title='bbox 189 3198 248 3284; x_wconf 86' lang='lat' dir='ltr'>(sit</span> <span class='ocrx_word' id='word_1_203' title='bbox 262 3198 501 3278; x_wconf 86' lang='lat' dir='ltr'>veniaverbo),</span> <span class='ocrx_word' id='word_1_204' title='bbox 516 3197 646 3284; x_wconf 91' lang='lat' dir='ltr'>quibus,</span> <span class='ocrx_word' id='word_1_205' title='bbox 670 3221 867 3284; x_wconf 88' lang='lat' dir='ltr'>quamquam</span> <span class='ocrx_word' id='word_1_206' title='bbox 890 3200 931 3264; x_wconf 87' lang='lat' dir='ltr'>ad</span> <span class='ocrx_word' id='word_1_207' title='bbox 952 3200 1091 3264; x_wconf 84' lang='lat' dir='ltr'>fucatam</span> <span class='ocrx_word' id='word_1_208' title='bbox 1114 3211 1212 3285; x_wconf 88' lang='lat' dir='ltr'>atque</span> <span class='ocrx_word' id='word_1_209' title='bbox 1228 3217 1359 3283; x_wconf 73' lang='lat' dir='ltr'>pravam</span> 
     </span>
     <span class='ocr_line' id='line_1_27' title="bbox 188 3309 1358 3402; baseline -0.003 -28"><span class='ocrx_word' id='word_1_210' title='bbox 188 3310 342 3397; x_wconf 79' lang='lat' dir='ltr'>pietatem</span> <span class='ocrx_word' id='word_1_211' title='bbox 370 3309 588 3374; x_wconf 85' lang='lat' dir='ltr'>inducendam</span> <span class='ocrx_word' id='word_1_212' title='bbox 616 3310 825 3396; x_wconf 88' lang='lat' dir='ltr'>compositis,</span> <span class='ocrx_word' id='word_1_213' title='bbox 854 3310 996 3375; x_wconf 67' lang='lat' dir='ltr'>&#39;humano</span> <span class='ocrx_word' id='word_1_214' title='bbox 1027 3309 1138 3396; x_wconf 87' lang='lat' dir='ltr'>generi</span> <span class='ocrx_word' id='word_1_215' title='bbox 1168 3329 1358 3402; x_wconf 85' lang='lat' dir='ltr'>succurren-</span> 
     </span>
     <span class='ocr_line' id='line_1_28' title="bbox 190 3420 429 3506; baseline -0.004 -21"><span class='ocrx_word' id='word_1_216' title='bbox 190 3420 266 3485; x_wconf 82' lang='lat' dir='ltr'>dum</span> <span class='ocrx_word' id='word_1_217' title='bbox 289 3420 429 3506; x_wconf 77' lang='lat' dir='ltr'>putant</span> 
     </span>
    </p>
   </div>
   <div class='ocr_carea' id='block_1_3' title="bbox 258 3525 1462 3616">
    <p class='ocr_par' dir='ltr' id='par_1_3' title="bbox 258 3525 1462 3616">
     <span class='ocr_line' id='line_1_29' title="bbox 258 3525 1462 3616; baseline -0.004 -21"><span class='ocrx_word' id='word_1_218' title='bbox 258 3531 343 3596; x_wconf 76' lang='lat' dir='ltr'>&#39;Atii</span> <span class='ocrx_word' id='word_1_219' title='bbox 356 3541 513 3596; x_wconf 88' lang='lat' dir='ltr'>summam</span> <span class='ocrx_word' id='word_1_220' title='bbox 528 3530 665 3606; x_wconf 83' lang='lat' dir='ltr'>consilii,</span> <span class='ocrx_word' id='word_1_221' title='bbox 680 3530 770 3616; x_wconf 89' lang='lat' dir='ltr'>quod</span> <span class='ocrx_word' id='word_1_222' title='bbox 787 3530 921 3594; x_wconf 82' lang='lat' dir='ltr'>Tacitus</span> <span class='ocrx_word' id='word_1_223' title='bbox 940 3529 975 3593; x_wconf 90' lang='lat' dir='ltr'>in</span> <span class='ocrx_word' id='word_1_224' title='bbox 990 3528 1167 3596; x_wconf 85' lang='lat' dir='ltr'>Germania</span> <span class='ocrx_word' id='word_1_225' title='bbox 1187 3525 1359 3593; x_wconf 85' lang='lat' dir='ltr'>scribenda</span> <span class='ocrx_word' id='word_1_226' title='bbox 1459 3609 1462 3614; x_wconf 25' lang='grc' dir='ltr'>Ι</span> 
     </span>
    </p>
   </div>
   <div class='ocr_carea' id='block_1_4' title="bbox 188 3640 1523 3730">
    <p class='ocr_par' dir='ltr' id='par_1_4' title="bbox 188 3640 1523 3730">
     <span class='ocr_line' id='line_1_30' title="bbox 188 3640 1523 3730; baseline -0.003 -24"><span class='ocrx_word' id='word_1_227' title='bbox 188 3643 318 3713; x_wconf 82' lang='lat' dir='ltr'>secutus</span> <span class='ocrx_word' id='word_1_228' title='bbox 341 3643 397 3718; x_wconf 90' lang='lat' dir='ltr'>sit,</span> <span class='ocrx_word' id='word_1_229' title='bbox 420 3663 492 3706; x_wconf 82' lang='lat' dir='ltr'>cam</span> <span class='ocrx_word' id='word_1_230' title='bbox 513 3640 614 3706; x_wconf 86' lang='lat' dir='ltr'>fuisse</span> <span class='ocrx_word' id='word_1_231' title='bbox 636 3641 762 3719; x_wconf 86' lang='lat' dir='ltr'>dicunt,</span> <span class='ocrx_word' id='word_1_232' title='bbox 785 3649 821 3704; x_wconf 90' lang='lat' dir='ltr'>ut</span> <span class='ocrx_word' id='word_1_233' title='bbox 842 3664 942 3705; x_wconf 79' lang='lat' dir='ltr'>mores</span> <span class='ocrx_word' id='word_1_234' title='bbox 965 3663 1037 3704; x_wconf 80' lang='lat' dir='ltr'>suae</span> <span class='ocrx_word' id='word_1_235' title='bbox 1060 3641 1198 3725; x_wconf 80' lang='lat' dir='ltr'>civitatis,</span> <span class='ocrx_word' id='word_1_236' title='bbox 1221 3660 1358 3725; x_wconf 87' lang='lat' dir='ltr'>quorum</span> <span class='ocrx_word' id='word_1_237' title='bbox 1467 3647 1470 3651; x_wconf 84' lang='grc'><strong>’</strong></span> <span class='ocrx_word' id='word_1_238' title='bbox 1522 3709 1523 3730; x_wconf 22' lang='grc' dir='ltr'>ἢ</span> 
     </span>
    </p>
   </div>
   <div class='ocr_carea' id='block_1_5' title="bbox 189 3749 1359 3948">
    <p class='ocr_par' dir='ltr' id='par_1_5' title="bbox 189 3749 1359 3948">
     <span class='ocr_line' id='line_1_31' title="bbox 189 3749 1359 3838; baseline -0.004 -22"><span class='ocrx_word' id='word_1_239' title='bbox 189 3773 263 3819; x_wconf 87' lang='lat' dir='ltr'>eum</span> <span class='ocrx_word' id='word_1_240' title='bbox 283 3751 411 3838; x_wconf 86' lang='lat' dir='ltr'>pigeret</span> <span class='ocrx_word' id='word_1_241' title='bbox 435 3750 654 3836; x_wconf 87' lang='lat' dir='ltr'>taederetque,</span> <span class='ocrx_word' id='word_1_242' title='bbox 683 3755 786 3816; x_wconf 81' lang='lat' dir='ltr'>satiro</span> <span class='ocrx_word' id='word_1_243' title='bbox 799 3764 1044 3836; x_wconf 78' lang='lat' dir='ltr'>persequeretur.</span> <span class='ocrx_word' id='word_1_244' title='bbox 1088 3749 1186 3830; x_wconf 71' lang='lat' dir='ltr'>Quae,</span> <span class='ocrx_word' id='word_1_245' title='bbox 1208 3769 1359 3836; x_wconf 79' lang='lat' dir='ltr'>perversa</span> 
     </span>
     <span class='ocr_line' id='line_1_32' title="bbox 190 3857 1358 3948; baseline -0.004 -22"><span class='ocrx_word' id='word_1_246' title='bbox 190 3863 303 3948; x_wconf 90' lang='lat' dir='ltr'>opinio</span> <span class='ocrx_word' id='word_1_247' title='bbox 335 3862 422 3927; x_wconf 90' lang='lat' dir='ltr'>unde</span> <span class='ocrx_word' id='word_1_248' title='bbox 453 3873 523 3927; x_wconf 88' lang='lat' dir='ltr'>orta</span> <span class='ocrx_word' id='word_1_249' title='bbox 556 3862 613 3939; x_wconf 87' lang='lat' dir='ltr'>sit,</span> <span class='ocrx_word' id='word_1_250' title='bbox 646 3861 740 3926; x_wconf 83' lang='lat' dir='ltr'>facilc</span> <span class='ocrx_word' id='word_1_251' title='bbox 774 3861 976 3947; x_wconf 88' lang='lat' dir='ltr'>perspicitur.</span> <span class='ocrx_word' id='word_1_252' title='bbox 1030 3860 1115 3926; x_wconf 89' lang='lat' dir='ltr'>Nam</span> <span class='ocrx_word' id='word_1_253' title='bbox 1143 3881 1244 3944; x_wconf 88' lang='lat' dir='ltr'>quum</span> <span class='ocrx_word' id='word_1_254' title='bbox 1272 3857 1358 3922; x_wconf 87' lang='lat' dir='ltr'>haud</span> 
     </span>
    </p>
   </div>
   <div class='ocr_carea' id='block_1_6' title="bbox 176 3965 1373 4167">
    <p class='ocr_par' dir='ltr' id='par_1_6' title="bbox 176 3965 1373 4167">
     <span class='ocr_line' id='line_1_33' title="bbox 176 3965 1373 4059; baseline -0.003 -23"><span class='ocrx_word' id='word_1_255' title='bbox 176 3973 287 4059; x_wconf 80' lang='lat' dir='ltr'>¹pauci</span> <span class='ocrx_word' id='word_1_256' title='bbox 307 3973 371 4059; x_wconf 89' lang='lat' dir='ltr'>loci</span> <span class='ocrx_word' id='word_1_257' title='bbox 392 3973 472 4050; x_wconf 89' lang='lat' dir='ltr'>sint,</span> <span class='ocrx_word' id='word_1_258' title='bbox 494 3972 613 4058; x_wconf 88' lang='lat' dir='ltr'>quibus</span> <span class='ocrx_word' id='word_1_259' title='bbox 636 3971 772 4038; x_wconf 86' lang='lat' dir='ltr'>Tacitus</span> <span class='ocrx_word' id='word_1_260' title='bbox 794 3972 847 4036; x_wconf 89' lang='lat' dir='ltr'>vel</span> <span class='ocrx_word' id='word_1_261' title='bbox 869 3981 980 4057; x_wconf 86' lang='lat' dir='ltr'>aperte</span> <span class='ocrx_word' id='word_1_262' title='bbox 1005 3971 1057 4052; x_wconf 81' lang='lat' dir='ltr'>(cf.</span> <span class='ocrx_word' id='word_1_263' title='bbox 1081 3992 1108 4038; x_wconf 91' lang='lat' dir='ltr'>c.</span> <span class='ocrx_word' id='word_1_264' title='bbox 1130 3970 1161 4046; x_wconf 86' lang='grc'>6,</span> <span class='ocrx_word' id='word_1_265' title='bbox 1182 3971 1221 4045; x_wconf 87' lang='grc'>4;</span> <span class='ocrx_word' id='word_1_266' title='bbox 1249 3971 1298 4044; x_wconf 87' lang='grc'>11,</span> <span class='ocrx_word' id='word_1_267' title='bbox 1320 3965 1373 4044; x_wconf 62' lang='lat' dir='ltr'>533v</span> 
     </span>
     <span class='ocr_line' id='line_1_34' title="bbox 191 4079 1357 4167; baseline -0.005 -19"><span class='ocrx_word' id='word_1_268' title='bbox 191 4085 246 4158; x_wconf 82' lang='lat'>13,</span> <span class='ocrx_word' id='word_1_269' title='bbox 273 4086 306 4158; x_wconf 90' lang='lat' dir='ltr'>l;</span> <span class='ocrx_word' id='word_1_270' title='bbox 337 4083 393 4160; x_wconf 82' lang='lat'>16,</span> <span class='ocrx_word' id='word_1_271' title='bbox 413 4086 450 4158; x_wconf 79' lang='lat'>23</span> <span class='ocrx_word' id='word_1_272' title='bbox 478 4084 536 4162; x_wconf 81' lang='lat'>25,</span> <span class='ocrx_word' id='word_1_273' title='bbox 559 4085 600 4165; x_wconf 84' lang='lat'>1.)</span> <span class='ocrx_word' id='word_1_274' title='bbox 630 4083 681 4146; x_wconf 89' lang='lat' dir='ltr'>vel</span> <span class='ocrx_word' id='word_1_275' title='bbox 707 4092 792 4147; x_wconf 88' lang='lat' dir='ltr'>tecte</span> <span class='ocrx_word' id='word_1_276' title='bbox 826 4081 879 4167; x_wconf 85' lang='lat' dir='ltr'>(cf.</span> <span class='ocrx_word' id='word_1_277' title='bbox 907 4103 934 4147; x_wconf 86' lang='lat' dir='ltr'>c.</span> <span class='ocrx_word' id='word_1_278' title='bbox 961 4082 1055 4158; x_wconf 59' lang='lat'>&#39;1343</span> <span class='ocrx_word' id='word_1_279' title='bbox 1085 4081 1119 4158; x_wconf 87' lang='grc'>8,</span> <span class='ocrx_word' id='word_1_280' title='bbox 1141 4081 1171 4145; x_wconf 84' lang='grc'>2.</span> <span class='ocrx_word' id='word_1_281' title='bbox 1196 4081 1232 4158; x_wconf 84' lang='grc'>3;</span> <span class='ocrx_word' id='word_1_282' title='bbox 1262 4079 1298 4155; x_wconf 84' lang='grc'>9·,</span> <span class='ocrx_word' id='word_1_283' title='bbox 1318 4079 1357 4155; x_wconf 85' lang='grc'>3;</span> 
     </span>
    </p>
   </div>
   <div class='ocr_carea' id='block_1_7' title="bbox 134 4171 1523 4271">
    <p class='ocr_par' dir='ltr' id='par_1_7' title="bbox 134 4171 1523 4271">
     <span class='ocr_line' id='line_1_35' title="bbox 134 4171 1523 4271; baseline -0.005 -13"><span class='ocrx_word' id='word_1_284' title='bbox 134 4171 1357 4271; x_wconf 78' lang='lat' dir='ltr'>·rs‚2.s;1s‚&#39;1-3;so‚1-3;ss,1.3;2o‚4;2r,1;so,3;</span> <span class='ocrx_word' id='word_1_285' title='bbox 1432 4240 1435 4249; x_wconf 77' lang='grc'>,</span> <span class='ocrx_word' id='word_1_286' title='bbox 1522 4177 1523 4250; x_wconf 68' lang='lat' dir='ltr'>t</span> 
     </span>
    </p>
   </div>
   <div class='ocr_carea' id='block_1_8' title="bbox 188 4299 1357 4500">
    <p class='ocr_par' dir='ltr' id='par_1_8' title="bbox 188 4299 1357 4500">
     <span class='ocr_line' id='line_1_36' title="bbox 188 4299 1357 4389; baseline -0.006 -19"><span class='ocrx_word' id='word_1_287' title='bbox 188 4303 241 4380; x_wconf 77' lang='grc'>88,</span> <span class='ocrx_word' id='word_1_288' title='bbox 261 4303 305 4383; x_wconf 79' lang='grc'>4.)</span> <span class='ocrx_word' id='word_1_289' title='bbox 326 4303 369 4368; x_wconf 88' lang='lat' dir='ltr'>ad</span> <span class='ocrx_word' id='word_1_290' title='bbox 389 4304 555 4369; x_wconf 86' lang='lat' dir='ltr'>Romanos</span> <span class='ocrx_word' id='word_1_291' title='bbox 576 4303 726 4389; x_wconf 88' lang='lat' dir='ltr'>respicit,</span> <span class='ocrx_word' id='word_1_292' title='bbox 754 4302 853 4386; x_wconf 89' lang='lat' dir='ltr'>idque</span> <span class='ocrx_word' id='word_1_293' title='bbox 874 4302 1035 4367; x_wconf 87' lang='lat' dir='ltr'>interdum</span> <span class='ocrx_word' id='word_1_294' title='bbox 1056 4301 1102 4367; x_wconf 85' lang='lat' dir='ltr'>ita</span> <span class='ocrx_word' id='word_1_295' title='bbox 1120 4301 1210 4377; x_wconf 86' lang='lat' dir='ltr'>facit,</span> <span class='ocrx_word' id='word_1_296' title='bbox 1238 4310 1275 4364; x_wconf 91' lang='lat' dir='ltr'>ut</span> <span class='ocrx_word' id='word_1_297' title='bbox 1296 4299 1357 4363; x_wconf 85' lang='lat' dir='ltr'>du·-</span> 
     </span>
     <span class='ocr_line' id='line_1_37' title="bbox 188 4409 1357 4500; baseline -0.003 -20"><span class='ocrx_word' id='word_1_298' title='bbox 188 4413 285 4480; x_wconf 76' lang='lat' dir='ltr'>bitari</span> <span class='ocrx_word' id='word_1_299' title='bbox 312 4435 379 4478; x_wconf 90' lang='lat' dir='ltr'>non</span> <span class='ocrx_word' id='word_1_300' title='bbox 409 4414 531 4500; x_wconf 88' lang='lat' dir='ltr'>possit,</span> <span class='ocrx_word' id='word_1_301' title='bbox 562 4413 641 4500; x_wconf 87' lang='lat' dir='ltr'>quin</span> <span class='ocrx_word' id='word_1_302' title='bbox 669 4435 801 4480; x_wconf 88' lang='lat' dir='ltr'>suorum</span> <span class='ocrx_word' id='word_1_303' title='bbox 831 4413 950 4479; x_wconf 91' lang='lat' dir='ltr'>civium</span> <span class='ocrx_word' id='word_1_304' title='bbox 980 4433 1087 4478; x_wconf 89' lang='lat' dir='ltr'>mores</span> <span class='ocrx_word' id='word_1_305' title='bbox 1115 4411 1262 4489; x_wconf 83' lang='lat' dir='ltr'>damnet,</span> <span class='ocrx_word' id='word_1_306' title='bbox 1292 4409 1357 4476; x_wconf 77' lang='lat' dir='ltr'>hoc</span> 
     </span>
    </p>
   </div>
   <div class='ocr_carea' id='block_1_9' title="bbox 0 0 1539 4867">
    <p class='ocr_par' dir='ltr' id='par_1_9' title="bbox 0 0 1539 4867">
     <span class='ocr_line' id='line_1_38' title="bbox 0 0 1539 4867; baseline 0 0"><span class='ocrx_word' id='word_1_307' title='bbox 0 0 1539 4867; x_wconf 95' lang='lat' dir='ltr'> </span> 
     </span>
    </p>
   </div>
  </div>
 </body>
</html>
