3067 4867
200 260 241 332 78
612 262 802 323 contum
817 264 947 324 utem

166 472 168 479 ·
197 464 265 521 tnta
303 452 462 521 exeruitne
496 452 551 521 ‘ire
589 454 762 523 iuileoorua
798 456 896 542 atoue
929 455 1075 535 humilii,
1103 457 1263 545 ‘preeatio
1289 481 1370 527 m

197 566 354 653 praefuit,
381 587 420 632 ao
446 568 534 633 velut
560 566 648 654 paoti
669 565 830 633 exereitus
851 567 1030 645 licentium,
1061 567 1128 633 dux
1148 568 1304 646 salutem
1334 578 1368 637 et

197 674 404 743 eaditioaiuo
426 678 585 764 sangiune
606 676 705 757 stetit.
741 678 813 745 Neo
834 678 964 745 Vettius
988 678 1142 757 Bolum
1162 678 1394 750 manentibuet

196 787 303 853 adhue
322 784 472 853 civilibus
491 786 603 865 bellio,
630 787 765 875 agitavit
786 788 987 855 Britanniam
1013 788 1198 877 diaeipliua.
1241 790 1371 858 uadem

195 898 310 964 inertia
337 898 565 984 argobastes,
597 898 710 965 similia
745 898 926 987 petulantia
955 907 1150 979 castrorum,
1185 900 1248 967 uiui
1277 902 1371 986 quod

194 1008 351 1079 inuenere
371 1009 517 1076 Bolanus
542 1020 576 1077 et
595 1010 693 1078 nullia
715 1009 843 1079 doliotle
863 1010 990 1078 inviam
1011 1011 1180 1079 caritatem
1199 1021 1369 1101 pararunt

196 1118 271 1185 loeo
294 1119 504 1189 auetoritatia.
1094 1126 1097 1130 ’

277 1229 391 1298 XVII.
425 1230 494 1297 Sed
520 1230 576 1297 ubi
605 1251 678 1296 oum
700 1239 807 1297 cetero
831 1230 910 1298 orbe
931 1232 1155 1325 Vespasianus
1183 1242 1215 1298 et
1235 1232 1367 1299 Britan·

194 1414 260 1469 tivie
278 1414 460 1471 instrumenti.
499 1416 545 1472 sto
568 1417 641 1473 enim
659 1435 688 1472 so
708 1420 757 1473 ha·
799 1419 923 1490 effectum
941 1434 1034 1475 rerum
1053 1417 1282 1491 praecedentium
1294 1419 1366 1475 iudi·

193 1494 242 1547 bet
260 1493 411 1549 sententia:
432 1511 465 1548 ee·
484 1495 573 1548 uitato
592 1496 757 1567 perfugam
801 1495 1330 1563 caret,cuiuexuiaineervitzofie.ll,
1343 1503 1367 1554 1.

193 1587 226 1624 ao
252 1570 373 1625 latebrae
393 1571 526 1626 exercituo
545 1573 591 1627 iro
609 1574 757 1627 indecem
835 1578 858 1629 6.
888 1572 993 1627 Vettiua
1027 1574 1169 1638 Bolanus]
1203 1574 1366 1629 Britanniae

193 1654 275 1717 atque
297 1648 417 1703 humilta.
452 1650 488 1704 of.
509 1654 532 1715 ξ.
551 1655 575 1706 1.
602 1651 690 1705 nullia
710 1652 757 1705 de·
799 1649 922 1722 praefuit
937 1668 960 1705 a.
973 1656 1013 1707 70.
1026 1669 1054 1721 p.
1068 1650 1133 1706 cur.
1162 1650 1221 1706 Sub
1236 1669 1269 1706 eo
1283 1650 1366 1723 Agri·

192 1722 266 1778 lietu
285 1725 397 1781 iuviaua.
801 1727 865 1782 oola
882 1727 991 1797 legatus
1009 1728 1155 1782 vicesimae
1167 1728 1285 1799 legionis
1298 1728 1367 1790 fuit3

225 1802 384 1866 indecorae]
409 1803 472 1857 Vat.
497 1808 527 1860 Γ.
551 1808 585 1859 Δ.
609 1803 758 1872 indecorae,
801 1802 835 1858 el.
855 1821 878 1859 o.
897 1809 922 1868 8,
941 1810 963 1862 1.

192 1878 282 1933 forma
303 1878 384 1933 nimia
413 1890 542 1951 suspecta
567 1889 596 1936 et
622 1899 758 1953 nusquam
834 1882 952 1949 ayitovit
968 1911 1003 1923 —
1022 1880 1187 1951 ιίὑοίρῑίηα]
1206 1880 1367 1951 Respieitur

191 1956 259 2010 aliae
277 1975 293 2011 a
312 1956 412 2011 Tacito
430 1965 572 2031 usurpata.
603 1958 758 2015 Indeoorue
783 1958 918 2027 uqiteeit
935 1958 1021 2013 verbo
1041 1960 1076 2012 ad
1094 1957 1182 2013 otium
1195 1966 1223 2013 et
1234 1958 1366 2029 quietem.

193 2036 272 2089 dedit
290 2034 400 2089 Puteol.
800 2052 856 2108 qua
868 2034 995 2089 Britanni
1014 2053 1065 2105 per
1083 2034 1191 2107 aliquot
1208 2053 1295 2090 annot
1315 2038 1366 2090 aub

220 2110 355 2183 precario
374 2141 408 2151 —
420 2112 564 2183 produit]
584 2112 602 2167 i.
622 2128 645 2167 e.
665 2112 755 2182 preci·
800 2112 946 2167 Trebellio
964 2112 1137 2176 fruebantur,
1155 2130 1295 2185 quamque
1308 2114 1366 2167 dux

190 2190 242 2243 bue
267 2190 350 2243 modo
369 2188 528 2261 imperium,
553 2192 630 2260 quod
650 2189 709 2243 iure
728 2195 756 2243 et
798 2190 940 2245 Romanus
957 2189 1287 2263 nequeexpeditionibua
1306 2207 1365 2243 aua-

190 2273 330 2339 poteatate
347 2268 478 2332 babebat,
497 2266 624 2332 obtinuit,
644 2286 699 2321 non
714 2267 755 2320 di·
799 2268 887 2339 eeptia
912 2284 1006 2339 neque
1033 2266 1233 2339 aggrediendis
1261 2284 1366 2321 vexan-

190 2344 262 2398 utiue
294 2346 474 2412 obtenturus,
513 2362 595 2417 quam
623 2344 756 2399 militibus
799 2344 1036 2415 diequehoetibue
1050 2336 1277 2418 interruurp'ebat.
1295 2344 1365 2413 Aqo-

191 2422 330 2497 plaoeret;
351 2424 386 2477 ef.
407 2421 480 2477 Hist.
499 2422 521 2491 1,
540 2428 581 2491 52,
598 2428 621 2478 4.
651 2424 755 2477 Preoa·
798 2429 860 2478 tore
885 2421 970 2493 igitur
996 2422 1071 2477 valet
1096 2439 1235 2490 oaorem,
1257 2438 1365 2491 aeonae,

188 2499 262 2555 dum
284 2500 346 2555 oeni
359 2501 506 2573 imperium
528 2508 553 2554 et
575 2500 651 2553 breed
665 2506 756 2553 trane-
799 2501 846 2554 vel
862 2500 935 2553 nibil
951 2500 1073 2572 qreietum
1084 2499 1164 2569 poti,
1187 2506 1219 2552 ut
1237 2498 1305 2554 Teo.
1324 2498 1366 2553 lo-

189 2577 314 2635 tantm:
799 2577 894 2649 quitur
913 2595 936 2634 o.
954 2583 996 2640 20,
1016 2582 1039 2632 2.
1054 2580 1151 2646 (germ.
1165 2577 1195 2630 ia
1207 2578 1365 2643 Beweyuaq

224 2674 259 2711 oo
275 2654 349 2709 velut
367 2656 460 2727 poete]
486 2672 523 2709 se.
548 2662 618 2708 auru.
642 2684 675 2695 -
698 2653 756 2708 Per
797 2663 900 2722 oetaeo,
923 2656 1065 2722 mazou).
1105 2653 1158 2709 Illa
1176 2661 1269 2707 autem
1286 2651 1365 2723 quiea

190 2751 225 2787 ae
250 2732 362 2787 additur
388 2732 543 2797 sententia,
572 2728 629 2802 qua
659 2730 755 2804 priora
797 2731 960 2787 Britanniae
977 2750 1061 2803 quum
1081 2729 1211 2799 neglecta
1228 2745 1364 2802 anpaene

189 2810 300 2884 plenius
318 2810 497 2867 illustrentur.
524 2810 618 2879 Vulgo
638 2816 702 2863 aute
720 2824 756 2861 oo
798 2810 891 2865 soluta
901 2810 1091 2863 Romanorum
1102 2808 1250 2877 disciplina
1263 2807 1365 2860 effecta

190 2886 323 2943 semicolo
344 2886 565 2958 iuterpuugitur,
591 2894 655 2957 poet
679 2886 754 2939 aalu·
799 2895 880 2950 eeeet,
897 2886 1103 2955 disciplina
1125 2885 1243 2953 nudavit
1260 2882 1363 2953 aigulfi·

191 2973 243 3019 tem
263 2974 406 3019 oomnrate.
799 2973 859 3021 eat:
883 2963 922 3017 ita
939 2962 1069 3032 agitavit,
1093 2970 1123 3015 ut
1137 2962 1271 3032 poacebot
1288 2961 1364 3013 aeota

223 3042 351 3110 saltuem]
380 3041 396 3098 i.
426 3058 449 3096 e.
475 3039 567 3095 vitam.
614 3040 649 3096 of.
674 3039 753 3098 Caes,
796 3042 842 3094 rei
856 3040 990 3094 militaria
1012 3040 1183 3110 dumblan,-
1212 3038 1273 3093 vel:
1302 3038 1363 3105 aqi·

188 3120 222 3179 B.
249 3120 283 3177 G.
303 3120 332 3188 Ι,
354 3124 403 3187 42,
427 3126 451 3175 5.
482 3120 579 3189 Neque
601 3118 755 3171 salutem
798 3118 867 3172 tavit
886 3117 1041 3189 debeiplino
1059 3117 1243 3171 reatituta.

187 3215 268 3253 mm
283 3196 433 3253 Gallorum
445 3192 580 3267 equitatui
587 3196 754 3250 committere
831 3196 943 3249 Eadem
967 3224 998 3233 -
1022 3194 1135 3257 11111111]
1159 3211 1197 3250 ao.
1225 3200 1257 3247 ut
1282 3200 1365 3247 antea

188 3276 317 3331 audebat.
796 3274 849 3327 aub
868 3270 1018 3328 Trebellio.

222 3360 248 3406 et
266 3350 368 3405 seditio
387 3351 448 3405 aine
461 3350 597 3418 sanquine
609 3350 693 3419 stetit]
710 3349 754 3403 Ita
830 3367 900 3417 erqo
923 3349 1024 3413 101111]
1046 3348 1140 3404 Germ.
1164 3350 1219 3402 den
1236 3349 1365 3403 Fundet

187 3430 251 3486 Vat.
271 3434 301 3486 Γ.
319 3434 352 3484 Δ.
376 3429 470 3499 Vulgo
485 3429 571 3481 bueo
586 3427 687 3481 seditio
700 3432 755 3483 eto.
795 3427 964 3498 yeqeattber5
982 3444 1009 3479 v.
1027 3426 1064 3480 ad
1081 3440 1105 3481 e.
1123 3431 1148 3488 5,
1165 3430 1191 3482 4.

67 3520 73 3535 ¹
188 3522 224 3561 ex
255 3505 405 3561 Puteolani
441 3504 601 3560 mutatione.
650 3505 753 3557 Seueue
831 3504 996 3571 castrorum]
1024 3502 1041 3557 i.
1062 3519 1086 3559 e.
1108 3501 1242 3565 militum,
1267 3500 1364 3571 quiin

188 3584 316 3639 oodioum
335 3581 492 3653 eoripturae
511 3582 556 3635 hio
575 3591 633 3637 eet:
661 3589 689 3635 et
711 3598 753 3635 ee·
798 3580 897 3639 oaetria
928 3583 1060 3651 agebant
1094 3609 1129 3619 -
1166 3578 1211 3633 De
1244 3578 1366 3649 abrupta

187 3663 256 3716 ditio
286 3664 321 3715 ad
352 3660 516 3730 sanguinem
546 3677 602 3712 nou
625 3668 665 3713 eet
684 3676 753 3729 pro·
796 3658 933 3718 enuntiati
949 3658 1042 3712 forma
1058 3674 1083 3713 u.
1102 3658 1139 3710 ad
1157 3673 1181 3711 e.
1200 3662 1226 3718 a.
1245 3660 1270 3712 3.

187 3758 291 3809 oroneo„
312 3738 424 3809 Quippe
435 3745 513 3790 atara
529 3738 555 3793 b.
568 3736 585 3790 1.
600 3754 657 3790 non
669 3736 754 3804 signi-
830 3737 888 3791 uisi
904 3735 983 3805 quod
997 3735 1060 3802 ete]
1079 3735 1198 3789 Per-baa
1209 3730 1363 3803 particulae

187 3820 253 3872 fioat
268 3816 296 3870 in
315 3816 434 3870 etott’oue
452 3830 517 3881 eoae,
535 3815 585 3867 sed
603 3816 639 3867 ad
657 3816 752 3868 statio·
796 3812 958 3883 adiungitur
976 3810 1158 3874 enuntiatum,
1177 3827 1234 3880 quo
1250 3828 1285 3865 ex
1298 3828 1365 3881 aup-

186 3912 249 3949 nem
262 3894 423 3964 peruenire,
441 3890 606 3961 anthemum
625 3890 660 3948 of.
680 3898 752 3948 Anu.
795 3892 900 3965 pleuda
924 3888 1062 3945 sententia
1087 3888 1193 3960 aliquid
1212 3887 1364 3960 excipitur3

185 3968 259 4034 XII,
278 3976 326 4033 22,
351 3976 374 4029 3.
409 3971 488 4024 Unde
507 3969 550 4022 uio
575 3966 752 4039 Aquitpiaae
795 3969 979 4040 supplendum
990 3969 1365 4036 auteurhooeattututerque

186 4050 259 4104 cito
277 4048 376 4101 ultimo
392 4048 503 4101 stetit.
530 4045 600 4103 Eiet.
612 4046 660 4108 lv,
674 4052 715 4114 tt,
726 4052 751 4103 t.
795 4048 903 4115 leuatam
919 4063 1027 4099 summa
1043 4045 1245 4114 timoratione
1261 4042 1364 4113 diquua

188 4128 381 4196 Sequanorum
394 4140 535 4194 prospera
553 4123 752 4177 ooa'ebettt'im-
795 4132 872 4181 11311.
905 4141 931 4177 u.
949 4125 986 4177 ad
1005 4140 1029 4178 o.
1048 4128 1073 4185 6,
1088 4128 1113 4178 2.

182 4203 389 4275 peruastauit.
425 4202 496 4257 Pliu.
516 4200 751 4272 Epp.v‚12.3.
829 4202 969 4271 iunonem]
987 4200 1152 4255 Innocentio
1169 4198 1364 4271 quumaitab·

187 4281 284 4337 Neeeit
320 4279 405 4333 semet
441 4278 558 4332 incitato
595 4278 753 4333 liberalitas
797 4278 928 4334 atinentia
948 4280 986 4331 ab
1016 4278 1118 4349 opibus
1143 4275 1242 4331 alienia
1265 4277 1301 4343 (r.
1327 4278 1364 4329 ad

60 4418 75 4433 κ
186 4355 681 4424 11111-ΑάᾱὶᾱίιιιαοοΤοοῑιυε,
696 4372 753 4434 quo
797 4357 864 4420 Sall,
885 4355 943 4415 cu.
964 4362 1047 4424 121.
1074 4355 1196 4427 Ing.46‚
1216 4354 1364 4423 1.),111110·
