3067 4867
200 310 240 382 to
618 313 960 377 consulentem.

198 504 267 571 siae
293 502 383 570 motu
410 506 550 601 propere
579 506 798 588 subvenisset,
822 509 942 577 amissa
962 510 1130 578 Britannia
1150 512 1250 591 ioreb;
1273 532 1369 599 qnam

197 614 293 680 unius
330 614 445 702 proelii
482 616 612 683 fortuna
648 619 747 685 veteri
780 620 957 707 patientiae
988 623 1148 703 restituit,
1168 601 1368 714 'tenentibus

196 750 286 792 arma
314 726 493 813 plerisque,
523 750 605 813 quos
635 730 835 797 conscientia
865 731 1056 801 deiectionis
1085 740 1117 800 et
1144 735 1297 824 proprius
1327 758 1368 801 ex

196 836 303 923 legato
333 836 429 905 timor
455 838 614 925 agitabat,
641 863 684 907 ne
712 842 923 928 (quamquam
950 846 1102 933 egregius
1133 850 1253 929 uetera)
1276 852 1367 913 a'rro-

196 958 311 1034 ganter
331 948 364 1013 in
388 948 534 1029 deditos,
558 959 605 1029 et,
629 960 664 1016 ut
684 974 763 1019 suae
785 953 941 1040 cuiusque
963 955 1099 1023 iniuriae
1119 957 1219 1036 ultor,
1252 958 1366 1024 durius

195 1058 386 1127 consuleret
417 1058 553 1127 'Missus
576 1060 675 1147 igitur
696 1062 871 1131 Petronius
887 1066 1099 1153 Turpilianus
1120 1076 1285 1153 tamquam
1308 1090 1391 1143 (εκ-3

194 1169 355 1237 orabilior.
391 1168 435 1236 Et
457 1170 582 1239 delictis
605 1172 748 1239 bostium
769 1196 873 1241 novus
889 1199 995 1262 eoque
1016 1178 1238 1266 poenitentiae
1258 1178 1368 1245 mitior

194 1364 261 1411 rant
286 1356 375 1425 leonti
396 1374 562 1428 personam,
591 1360 668 1429 absos
686 1377 760 1430 prae
803 1369 861 1417 tum
872 1357 1011 1433 retuleris,
1025 1359 1072 1419 vel
1084 1382 1147 1418 oum
1159 1365 1290 1434 animosae
1302 1382 1367 1419 oon·

194 1433 308 1498 ceteris,
331 1440 464 1505 tanquam
489 1436 622 1491 maiorem
640 1455 758 1509 poenam
804 1431 936 1487 innueris.
967 1435 1145 1504 Numquam
1166 1433 1369 1489 reetediaatur

194 1510 323 1579 meritos,
349 1512 516 1579 enopitalat.
554 1514 677 1570 ef.Ann.
695 1514 758 1583 XV,
801 1526 891 1563 meam
913 1512 1097 1587 cuiusque·
1119 1512 1300 1565 iniuriam
1324 1510 1367 1565 ul·

195 1593 236 1656 64,
250 1593 272 1643 l.
290 1589 458 1643 Neronullo
471 1590 501 1643 in
510 1591 758 1661 Paulinompro-
802 1585 907 1655 clusor,
942 1587 1061 1658 primum
1093 1590 1180 1642 verbs
1207 1588 1366 1659 significare

186 1664 275 1735 prio
293 1666 368 1721 odio.
406 1666 477 1721 Hist.
497 1666 547 1735 III,
565 1674 606 1737 45,
626 1673 648 1723 1.
671 1670 757 1723 Venu-
802 1674 931 1733 possunt:
954 1674 1048 1734 utpote
1073 1665 1120 1737 qui
1140 1666 1215 1718 ultor
1234 1676 1307 1719 esset
1325 1666 1365 1719 in·

192 1743 248 1795 tius
271 1760 355 1811 super
372 1742 483 1799 inulam
494 1746 640 1811 ferociam
658 1754 683 1799 et
700 1748 757 1799 Ro·
800 1740 888 1795 iuriae
906 1758 1074 1812 equoque
1087 1742 1261 1796 sibiillalae.
1291 1742 1365 1798 Tum

191 1820 270 1873 mani
284 1820 404 1873 nominis
420 1821 516 1875 odiunt
528 1823 702 1891 propriis
727 1824 757 1876 in
800 1818 954 1874 coniunctis
972 1818 1181 1889 pronominibus
1194 1818 1240 1873 hie
1256 1819 1363 1875 exsistit

193 1896 425 1951 Cartimanduam
442 1898 756 1965 replasmatinzultboa-
799 1913 913 1971 sensus:
940 1905 1037 1969 utpote
1060 1894 1108 1967 qui
1132 1896 1208 1950 nitor
1230 1905 1306 1951 esset
1323 1897 1365 1951 in·

191 1975 366 2029 condebatur.
395 1974 442 2039 lV,
461 1980 486 2042 7,
507 1981 528 2031 l.
546 1976 685 2031 Marcelli
699 1984 755 2031 stu-
798 1972 893 2037 iuriae,
913 1990 998 2043 quant
1016 1974 1130 2043 qunque
1146 1991 1226 2027 mom
1243 1975 1363 2037 baberet,

191 2053 269 2105 diunt
289 2050 467 2120 proprius
497 2053 583 2106 rubor
611 2054 755 2107 manabat.
797 2048 818 2105 i.
837 2068 861 2106 e.
886 2067 959 2120 quae
983 2052 1114 2121 niaque
1134 2051 1258 2121 propria
1281 2062 1363 2108 esset.

191 2130 264 2185 Plin.
287 2128 391 2199 Paneg.
416 2132 464 2195 90,
487 2133 511 2184 2.
537 2130 636 2183 Malos
648 2132 757 2201 prinot’-
799 2126 953 2182 Praeterea
977 2128 1048 2182 duae
1078 2128 1151 2181 aliae
1175 2128 1296 2183 rationes
1319 2146 1364 2183 su·

186 2223 240 2279 pes
265 2205 367 2259 reatina
390 2213 429 2257 est
452 2222 484 2257 en
507 2202 697 2261 communibus*
713 2210 756 2264 in·
799 2213 922 2274 persunt,
941 2204 966 2259 si
981 2214 1012 2259 ut
1029 2206 1064 2259 sd
1076 2222 1144 2259 suae
1156 2204 1297 2276 pertinere
1309 2215 1363 2261 sta·

189 2284 272 2337 iuriis
289 2282 390 2351 odisse,
407 2300 491 2352 quant
503 2286 678 2353 propriis.
798 2281 900 2345 tueris;
916 2290 974 2336 turn
985 2281 1058 2336 enim
1070 2300 1166 2336 sensus
1179 2292 1239 2337 esse
1252 2292 1362 2354 potest:

224 2386 258 2423 aa
291 2372 471 2439 (quamquam
500 2370 626 2437 syrafin,
654 2375 755 2439 cetera)
796 2365 967 2430 tanquam
990 2378 1070 2413 mam
1093 2360 1230 2415 ulciscens
1252 2379 1272 2414 o
1296 2378 1362 2431 quo·

190 2454 357 2515 woyanter
374 2446 439 2515 etc]
463 2447 526 2501 Van,
546 2453 575 2502 Γ,
593 2452 626 2502 Δ,
650 2466 754 2519 nequa.
797 2453 850 2506 que
871 2438 988 2504 factam
1022 2436 1163 2505 iniuriam3
1192 2446 1255 2492 aut:
1282 2445 1362 2492 tan-

189 2541 282 2595 quam,
301 2522 317 2578 i,
332 2540 356 2579 θ,
374 2539 585 2593 nequamquam,
622 2524 754 2580 PUbela·
796 2531 898 2586 quam
915 2532 996 2567 &lam
1013 2514 1152 2569 ulciscens
1166 2525 1302 2584 quamque
1319 2514 1361 2568 ln·

190 2620 256 2665 nug,
281 2617 365 2671 quem
390 2602 453 2655 edd,
477 2600 572 2672 vulgg,
590 2612 752 2673 sequuntur,
796 2591 908 2645 iuriam·
937 2593 980 2646 EX
997 2591 1041 2646 his
1059 2599 1192 2662 quattuor
1205 2600 1235 2645 ut
1246 2592 1361 2663 primam

188 2698 206 2735 ,θ
232 2679 392 2736 coniectura
422 2678 514 2733 dedisg
556 2679 624 2733 Hic
654 2696 754 2749 quum
797 2668 1362 2740 explicationempraeferam,permoveor

189 2764 529 2826 apraasarroyantaa-
541 2756 675 2811 codicum
687 2759 753 2813 ηιξ.
797 2747 860 2813 hoc,
880 2748 956 2816 quod
976 2756 1074 2816 aperte
1093 2746 1137 2799 his
1157 2747 1250 2801 verbis
1264 2764 1361 2801 caussa

187 2843 271 2907 ptura
298 2832 456 2895 sanissima3
485 2834 659 2889 enuntiatum
681 2836 753 2890 enim
797 2822 970 2889 ⁰0¹¹il¹¹ei⁰fs
995 2840 1045 2877 ⁰⁰1·
1069 2822 1210 2877 n⁰⁰¹¹⁰lfi⁸
1226 2825 1361 2894 PY⁰PW²⁹¹W

187 2930 239 2983 per
255 2928 290 2965 ne
308 2910 432 2967 additum
446 2912 609 2981 epexegesis
627 2922 678 2978 est,
698 2932 754 2985 qus
797 2908 870 2954 θθθθῐ
889 2907 921 2953 ⁶3⁶
938 2900 1030 2969 ledam
1049 2901 1139 2954 ωπον·
1223 2910 1227 2915 ’

188 2989 370 3045 uerbatlmor
384 2986 510 3057 usitabat
523 2988 754 3047 illustrantur.-·
831 3002 854 3051 3.
883 2996 992 3049 Missua
1019 2996 1106 3065 ἐρίων
1129 2993 1287 3063 Petrontua]
1316 2993 1361 3048 Ita

188 3066 304 3121 Wexius
321 3084 372 3135 pro
389 3082 424 3119 ne
441 3065 552 3136 scripsit
569 3067 607 3121 ni.
794 3073 859 3127 Vat.
878 3080 908 3126 Γ.
925 3078 975 3143 Δ.;
996 3074 1086 3147 a'qitur¹
1097 3066 1361 3127 omisit'Beroildus

222 3169 389 3223 quampiam
408 3152 534 3221 eprepa'us
551 3155 651 3221 uetera]
676 3154 753 3209 Haec
794 3159 823 3207 et
834 3160 983 3221 sequentes
996 3152 1128 3222 editores.
1155 3148 1259 3205 Sensus
1274 3150 1360 3223 parti·

187 3228 278 3301 ipsius¹
290 3229 379 3288 Taoiti
398 3230 435 3283 de
456 3228 589 3286 Suetonio
610 3230 753 3287 continent
795 3229 875 3283 aulae
893 3235 955 3304 ests
967 3246 1038 3299 quae
1057 3227 1194 3303 quantita
1205 3235 1301 3293 neem,
1320 3244 1359 3283 so.

187 3306 336 3371 iudicium,
363 3304 516 3361 narrationi
540 3305 569 3360 in
591 3307 752 3378 parenthesi
794 3313 825 3360 ut
842 3303 959 3377 propter
974 3305 1102 3381 timorem
1116 3302 1243 3359 Suetonii
1262 3306 1297 3360 ab
1315 3300 1359 3359 ar-

187 3383 397 3456 interpositum,
421 3402 477 3455 quo
501 3384 700 3442 Britannorum
723 3387 751 3440 in
794 3384 845 3437 mis
864 3382 1010 3437 discedere
1030 3389 1233 3455 annularentur.
1264 3380 1359 3452 Vulgo

186 3464 265 3519 illum
285 3462 399 3516 erimina
417 3462 546 3517 coneedit
562 3463 682 3533 quidem,
701 3466 751 3519 sed
794 3470 868 3516 totus
887 3461 966 3527 loeus
984 3460 1024 3515 sio
1041 3460 1231 3515 scribebatur:
1248 3460 1358 3525 „Quam

186 3540 276 3614 ipsum
295 3546 418 3595 exeuset
616 3558 619 3563 ·
793 3538 875 3593 unius
894 3538 1033 3610 proetii-
1044 3536 1181 3599 restituit3
1199 3536 1358 3592 tenentibus

220 3618 250 3673 in
267 3616 387 3685 deditos}
408 3616 546 3681 Quoniam
558 3618 752 3689 intelliguntur
794 3635 920 3671 arma-
943 3616 1072 3687 proprius
1097 3633 1132 3670 ex
1158 3615 1253 3684 legato
1272 3614 1356 3669 timor

186 3696 234 3766 qui
259 3711 341 3747 arma
365 3695 457 3749 adnuo
485 3697 625 3763 tenebant,
652 3715 748 3753 sensus
793 3693 927 3765 agitabat.
969 3693 1025 3748 Hie
1052 3711 1138 3765 quum
1160 3690 1290 3763 egregius
1313 3709 1359 3747 ee·

186 3770 326 3844 participii
346 3778 404 3827 ests
428 3772 458 3827 in
481 3789 524 3841 ae,
549 3772 577 3827 si
592 3790 650 3827 sese
668 3776 749 3829 dedi·
791 3782 852 3828 tera
873 3802 909 3811 -
934 3770 1030 3825 durius
1056 3770 1229 3835 consuleret,
1259 3768 1359 3825 missus

186 3850 299 3905 dabaeut.
792 3848 986 3904 Petronius-
998 3846 1176 3912 exorabilior,
1191 3857 1220 3902 et
1232 3848 1358 3903 delietis“

221 3935 329 3981 menae
347 3926 623 3996 wiusaueiniure'ae]
641 3928 705 3983 Vat.
719 3934 748 3983 Γ.
792 3936 845 3983 ete.
884 3927 929 3982 De
951 3926 1086 3980 Penonio
1106 3924 1291 3995 Turpiliano,
1309 3921 1358 3997 qui

186 4008 220 4063 A.
233 4004 635 4073 utsuaeeiuequeiniuriae.
654 4002 748 4077 Vulgo
792 4007 828 4059 ab
851 4021 924 4059 anno
952 4008 1071 4061 62-64.
1092 4001 1201 4072 legatus
1229 4002 1295 4067 fuit,
1322 4002 1360 4061 of.

185 4083 276 4139 editur
301 4099 335 4136 ex
362 4080 510 4141 Puteolani
537 4082 697 4147 coniectura
719 4090 750 4137 nt
792 4085 865 4139 Ann.
883 4081 961 4150 XIV,
981 4086 1023 4144 39,
1042 4086 1068 4137 3.
1090 4080 1181 4154 iiiut.
1200 4080 1222 4144 I,
1241 4085 1265 4146 6,
1287 4085 1310 4137 1.

183 4176 251 4215 aune
268 4176 332 4229 quo
341 4174 403 4227 que
419 4158 549 4213 inluniae.
561 4188 595 4199 -
610 4161 748 4230 &iusque
823 4163 861 4214 Et
870 4159 980 4215 doliolis
990 4159 1058 4231 eta]
1071 4158 1103 4212 In
1115 4157 1267 4229 plerisque,
1274 4157 1357 4214 etiam

185 4246 262 4293 uerte
281 4236 371 4291 Wexii
390 4236 548 4293 emendatio
562 4245 613 4307 est,
631 4240 682 4295 sed
699 4256 747 4293 vs·
788 4236 1000 4301 recentioribus,
1023 4238 1088 4291 edd.
1104 4244 1169 4309 post
1185 4237 1358 4293 morabatur·

183 4315 254 4371 riam
274 4330 392 4385 eamque
411 4312 545 4370 insertam
559 4314 642 4371 habet
658 4316 747 4388 expli·
789 4316 836 4381 vol
854 4316 931 4369 nulla
947 4314 994 4369 vel
1013 4312 1154 4370 oommstis
1172 4316 1255 4369 modo
1274 4313 1357 4371 inter·

185 4392 337 4459 sationem,
362 4400 445 4467 prout
468 4409 535 4449 eune
553 4393 598 4449 vel
616 4395 652 4449 sd
670 4394 746 4469 lega·
789 4393 903 4467 panetio
926 4400 983 4458 est,
1014 4409 1072 4465 quo
1096 4410 1182 4466 quum
1205 4393 1304 4451 muana
1326 4392 1355 4455 ia
