3067 4867
526 1344 1051 1503 onnnnntnp

654 1698 863 1711 ...-....-...--

257 1985 434 2052 Germania
462 1984 566 2051 omnis
593 2009 613 2051 4
635 1984 740 2053 Gnllis
761 1984 943 2071 Raetisque
970 1993 1002 2048 et
1022 1982 1204 2050 Pannoniis
1226 1983 1342 2049 Rheno

173 2109 205 2163 et
226 2096 382 2163 Danubio
403 2096 605 2174 fluminibus,
630 2119 650 2161 a
671 2095 830 2163 Sarmatis
852 2095 1021 2180 Dacisque
1043 2105 1153 2160 mutuo
1177 2105 1266 2159 metu
1288 2104 1344 2159 aut

149 2207 337 2276 amontibus
369 2220 547 2295 separatur.
597 2205 716 2273 Cetera
744 2206 899 2273 Oceanus
929 2202 1047 2285 ambit,
1079 2204 1162 2271 latos
1193 2206 1281 2271 sinus
1312 2217 1344 2271 et

171 2318 349 2385 insularum
368 2319 527 2385 immensa
546 2320 654 2406 spatia
673 2318 903 2405 complectens,
925 2338 1030 2404 nuper
1047 2316 1188 2403 coguitis
1206 2317 1342 2405 quibus-

172 2508 176 2518 '
206 2508 272 2565 1.1.
294 2508 395 2578 omnia]
421 2506 438 2563 1.
458 2524 482 2561 4.
506 2507 534 2562 14
554 2526 638 2562 unum
660 2524 736 2562 oom-
779 2506 819 2561 las
845 2504 961 2561 Tacitus
987 2502 1125 2575 significet
1150 2524 1236 2580 quum
1261 2507 1343 2577 regni

173 2588 320 2657 prehensa,
338 2587 415 2639 nulla
428 2584 601 2655 singularum
613 2584 736 2657 partium
779 2584 892 2649 Danici,
910 2593 1017 2638 tumeo
1033 2580 1145 2637 nomine
1162 2586 1344 2653 comprehen-

171 2661 280 2717 rutioue
294 2662 404 2733 habita3
423 2662 585 2719 vernacula:
602 2662 633 2717 in
646 2662 738 2717 4441444·
778 2663 820 2717 dit
837 2662 973 2717 Suionum
991 2663 1028 2729 (c.
1047 2666 1089 2728 44,
1110 2661 1148 2725 1.)
1169 2668 1197 2715 et
1216 2660 1344 2717 Sitonum

176 2739 380 2795 Geeammtleit.
779 2744 814 2809 (c.
834 2747 866 2797 45
873 2781 881 2809 ,
900 2741 939 2807 t.)
960 2746 1063 2803 terrae,
1082 2736 1099 2795 i.
1118 2755 1143 2792 4.
1166 2738 1344 2810 Norwegiem

206 2825 300 2870 moneo
317 2817 398 2886 metu]
414 2815 466 2874 ie.
480 2818 554 2872 famu
565 2815 736 2871 fortitudinis
779 2825 808 2874 et
827 2818 965 2871 Sueciam.

172 2894 208 2948 nb
228 2892 324 2948 alteris
347 2896 382 2948 ad
405 2894 507 2950 alteros
532 2894 655 2965 perlata,
680 2912 736 2965 qua
812 2912 902 2965 nuper
914 2892 1203 2963 capnitis—reatina]
1219 2891 1346 2964 Respicit

171 2980 334 3035 moventur,
363 2990 398 3027 ne
427 2971 544 3027 invicem
572 2990 603 3027 44
629 2980 735 3044 petant.
780 2972 896 3027 Tacitus
924 2974 960 3026 ad
988 2970 1182 3043 expeditiones
1209 2989 1227 3025 4
1252 2972 1344 3027 Druso

172 3049 266 3104 Metuo
279 3050 360 3114 enim,
374 3068 429 3105 nou
446 3051 661 3105 confundendus
673 3067 737 3105 cum
780 3068 804 3107 a.
818 3056 858 3107 12.
873 3068 897 3105 o.
910 3048 984 3117 cun,
997 3067 1013 3103 4
1026 3047 1139 3103 Tiberio
1155 3067 1179 3104 4.
1192 3054 1216 3103 5.
1230 3067 1255 3103 4.
1270 3049 1345 3115 chr„

171 3127 285 3192 1414444,
309 3126 418 3181 44441111
437 3126 531 3198 potius
551 3137 580 3183 et
600 3127 736 3183 cautionis
779 3127 976 3185 aGermanico
991 3144 1015 3183 a.
1027 3131 1068 3183 16.
1079 3144 1106 3199 p.
1118 3125 1181 3181 Chr.
1194 3135 1345 3197 susceptas,

173 3212 228 3273 eet3
246 3222 272 3258 v.
291 3206 328 3258 ad
346 3204 415 3259 Sall.
432 3204 493 3276 lug.
513 3213 537 3274 1,
556 3212 582 3262 5.
601 3208 645 3260 ed.
663 3205 701 3260 II.
781 3210 850 3278 quas
871 3206 953 3262 etiam
979 3224 1002 3261 c.
1021 3210 1069 3271 34,
1087 3210 1111 3260 4.
1138 3211 1345 3261 commemorat.

205 3282 353 3351 4444114444]
374 3299 412 3336 44.
432 3282 593 3354 Carpeticis.
780 3286 879 3355 Nuper
899 3284 992 3354 igitur,
1012 3284 1102 3353 quod,
1124 3300 1209 3352 quum
1229 3299 1346 3352 genera-

206 3364 232 3414 2.
253 3359 327 3413 lotoe
341 3360 429 3431 tinne]
450 3359 535 3415 Sinus
552 3362 579 3416 h.
592 3360 611 3415 1.
627 3378 684 3416 non
701 3361 736 3414 de
780 3361 845 3418 liter
859 3370 984 3416 remotae
1003 3357 1161 3430 antiquitati
1176 3368 1345 3430 opponatur,

172 3435 241 3491 meri
256 3436 356 3491 dicitur
370 3436 520 3493 introrsum
534 3438 678 3493 interram
693 3454 737 3491 re·
779 3440 862 3494 valde
880 3439 1010 3494 mobilem
1029 3438 1218 3507 fluentemque
1241 3435 1346 3507 signifi·

172 3515 308 3579 cedente,
331 3516 382 3569 sed
402 3516 577 3590 decurtatis
594 3524 687 3570 terrae
705 3514 737 3569 li·
780 3524 872 3573 catum
890 3518 991 3586 habet,
1009 3518 1035 3571 h.
1048 3516 1066 3572 l.
1086 3515 1147 3569 sere
1167 3522 1277 3569 centum
1297 3533 1346 3569 nn·

170 3591 279 3647 toribus
288 3592 373 3663 longe
381 3592 736 3666 inmareprocurreotibus.
781 3612 880 3650 norum
897 3593 1015 3665 spatium
1035 3592 1244 3663 complectitur3
1267 3594 1301 3647 41.
1322 3610 1345 3647 c.

171 3669 343 3741 intelligitur
366 3668 558 3727 Chersonesus
581 3670 737 3740 Cimbrica;
780 3678 806 3738 2,
824 3678 848 3729 4.
884 3672 1044 3726 Vernacula
1062 3680 1104 3726 est
1121 3670 1347 3739 4444441444.-

172 3748 207 3802 ef.
227 3752 343 3813 4.37,1.
369 3748 501 3804 Eundem
520 3749 737 3804 Germaniae
779 3749 905 3805 Ablativi
926 3768 1004 3819 econ.
1020 3779 1053 3789 -
1071 3764 1130 3819 req.
1155 3764 1210 3801 non
1230 3756 1347 3818 possunt

170 3827 207 3881 41
214 3844 296 3879 num
316 3826 443 3896 proximi
459 3828 568 3883 Oceano
589 3826 739 3883 Cimbri
779 3828 913 3899 temporis
925 3835 1064 3899 potestate
1079 3827 1115 3879 ad
1128 3826 1214 3880 verbu
1225 3826 1346 3880 sinue—

171 3910 268 3959 tenent.
305 3903 361 3969 Qui
375 3903 532 3971 4141444,
549 3903 738 3959 infradicitur
779 3905 961 3975 complectens
988 3902 1104 3967 referri,
1134 3904 1185 3958 aed
1212 3906 1346 3975 quodam·

165 3982 271 4050 flente,
292 3999 315 4037 c.
334 3986 382 4046 35,
403 3986 426 4037 1.
464 3983 502 4037 In
524 3982 738 4053 septentrionem
780 3987 864 4038 modo
884 3992 946 4037 sunt
965 3980 1130 4049 attributivi‚
1148 3980 1249 4051 quibus
1268 3983 1347 4036 ainus

170 4058 277 4127 14444414·
293 4060 408 4128 steen
433 4061 510 4116 redit
533 4059 737 4131 (Germania).
781 4070 807 4115 et
829 4061 881 4114 ino.
905 4060 1002 4131 spatia
1026 4057 1195 4113 definiuntur
1219 4056 1246 4113 in
1271 4062 1347 4114 huno

172 4134 409 4202 Similitercln
429 4144 453 4195 4.
494 4138 607 4195 Sinna
626 4137 741 4208 14444444·
781 4140 909 4193 modum:
937 4136 1236 4209 quornmoelnbi
1258 4146 1347 4209 144444

173 4212 276 4268 dicit-ur
293 4216 329 4269 de
347 4232 382 4269 44
397 4215 506 4288 imperii
524 4214 631 4272 romani
649 4223 738 4286 parte,
781 4216 922 4287 quaedam
941 4223 1035 4284 4444144
1058 4231 1093 4268 ao
1111 4231 1189 4283 44444
1208 4215 1348 4283 44944114·

172 4308 246 4362 quae
274 4290 348 4346 ultra
376 4293 476 4350 limites
508 4293 536 4348 in
562 4291 739 4349 Germaniam
781 4302 867 4348 eunt.
896 4292 1062 4348 Germanice
1075 4290 1164 4363 possis
1179 4292 1272 4347 dicere
1287 4292 1347 4367 mit

174 4370 343 4441 procurrit.⁴
782 4371 890 4440 4141444
923 4370 1091 4441 4444444444
1126 4371 1285 4425 entdeotten
1312 4396 1347 4408 -

208 4446 367 4504 insulamn
384 4446 518 4504 inmenso
533 4446 639 4520 444114]
659 4446 739 4503 Insu-
782 4448 920 4519 Konteen.
