3067 4867
211 358 285 416 'XII
681 368 933 428 ‚minema

281 532 382 594 Euius
400 532 548 596 editieme
566 537 731 615 seriptara.
832 541 1033 620 Hauptieuee
1051 547 1198 615 editionis
1214 547 1380 628 scriptura.

225 637 334 706 XXVI,
351 644 375 694 2.
394 642 430 694 ab
451 639 587 695 universis
609 641 676 696 vicis
834 650 869 702 ab
889 647 1023 704 universis
1044 652 1072 706 iu
1091 652 1167 708 vices

224 722 333 790 XXVI,
352 729 376 780 3.
392 733 538 796 praestant
833 711 971 802 praebent

208 800 333 874 XXVI,
351 815 375 864 3.
395 810 524 865 laborare
834 815 932 871 labore

224 893 319 959 XXX,
339 901 361 951 1.
380 895 520 951 inchoant.
556 897 620 951 Non
833 901 979 968 ineohant,
999 921 1055 959 non

223 979 318 1046 XXX,
335 987 357 1037 l.
376 983 506 1050 pateaeit,
521 984 636 1048 durant,
651 981 789 1052 siquidem
833 989 964 1056 patescit:
987 991 1087 1046 durant
1105 991 1259 1063 siquidem,

224 1065 319 1133 XXX,
337 1072 362 1122 2.
381 1068 532 1133 sollertiae,
550 1085 725 1140 praeponere
832 1073 988 1130 sollertiae:
1010 1095 1183 1150 praeponere

224 1151 363 1218 XXXIII,
384 1159 408 1209 3.
429 1157 540 1226 quando
561 1154 588 1207 in
608 1153 771 1224 urgentibus
832 1161 945 1228 quando
966 1163 1127 1232 urgentibus

223 1235 359 1303 XXXIV,
381 1246 403 1296 1.
424 1239 568 1310 Dulgibini
832 1243 985 1315 Dulgubnii

220 1323 359 1389 XXXIV,
378 1332 403 1381 4.
423 1327 523 1393 Druso,
543 1325 710 1383 Germaniae
831 1330 924 1386 Druso
946 1332 1114 1388 Germanico

222 1408 375 1476 XXXVII,
395 1419 417 1467 1.
437 1423 551 1468 manent
568 1420 686 1484 utraque
832 1426 959 1484 manent,
977 1427 1094 1492 utraque

204 1495 373 1572 XXXVII,
392 1506 417 1554 7.
438 1500 614 1563 affectavere,
634 1516 668 1552 ao
831 1503 1013 1572 affectavere3
1032 1522 1065 1558 aa

222 1577 387 1649 XXXVIII,
405 1590 430 1640 3.
451 1603 515 1640 raro
535 1591 564 1639 et
585 1584 658 1638 int'ra
829 1606 923 1642 rarum
943 1599 973 1643 et
991 1590 1064 1644 intra

220 1667 384 1735 XXXVIII,
405 1675 431 1728 3.
449 1670 553 1725 vertice
572 1669 694 1740 religant
830 1675 928 1729 vertici
948 1677 1083 1748 religatur

220 1753 384 1822 XXXVIII,
403 1763 428 1812 4.
446 1757 576 1812 innoxiae
829 1759 942 1816 innoxia

220 1839 387 1906 XXXVIII,
405 1849 429 1899 4.
448 1842 551 1915 compti
570 1852 601 1898 ut
828 1846 964 1916 comptius

218 1925 357 1990 XXXIX,
376 1935 400 1984 5.
420 1929 485 2000 pagi
505 1929 538 1984 iis
558 1928 716 1984 habitentur
826 1931 906 2002 pagis
926 1932 1054 1987 habitant

219 2013 280 2081 XL,
298 2021 321 2070 3.
338 2015 453 2069 Ertham
825 2017 963 2072 Nerthum

219 2101 281 2165 XL,
298 2107 323 2157 4.
342 2109 410 2156 ωηο
423 2133 458 2142 -
476 2110 550 2165 ηοω,
567 2111 634 2159 ωηο
647 2135 680 2146 —-
692 2111 784 2159 amatu
813 2111 893 2158 ωηο
910 2135 945 2148 -
963 2112 1062 2171 amata,
1080 2113 1147 2160 ωηο
1164 2134 1198 2148 -
1217 2114 1283 2160 nota

218 2185 295 2252 XLI,
312 2195 336 2244 3.
356 2188 458 2259 passim
477 2196 506 2242 et
524 2188 584 2242 aina
825 2189 926 2260 passim
948 2191 1007 2246 sina

218 2273 321 2342 XLIV,
338 2281 364 2330 2.
385 2274 574 2328 ministrantur
825 2275 982 2330 ministrant

217 2357 321 2424 XLIV,
339 2366 364 2415 4.
383 2359 472 2415 otiosa
488 2389 523 2399 -
542 2375 638 2412 manue
825 2359 980 2415 otiosae-
998 2379 1094 2416 manue

214 2443 305 2507 XLV,
325 2451 349 2500 5.
369 2447 478 2498 sudant.
824 2447 959 2500 sudantur

217 2529 307 2596 XLV,
324 2538 349 2588 5.
369 2531 546 2598 crediderim,
565 2549 637 2603 quae
825 2531 1004 2603 crediderim,
1024 2550 1096 2603 quae

301 2721 403 2803 Quod
425 2721 467 2786 ad
488 2720 763 2807 interpretationis
780 2719 901 2784 auxilia
916 2721 1038 2798 attinet,
1059 2743 1119 2808 pro
1136 2720 1262 2786 consilii
1282 2724 1383 2788 nostri

215 2831 341 2897 ratione
370 2832 513 2921 modice
534 2832 689 2896 utendum
721 2830 782 2895 fuit
810 2831 932 2916 copiis,
966 2855 1047 2918 quas
1078 2831 1236 2897 editiones
1266 2833 1383 2922 amplis

216 2941 454 3008 commentariis
474 2943 659 3018 instructae,
681 2941 767 3006 velut
790 2941 962 3019 Dithmari‚
985 2942 1131 3021 Diltheii,
1154 2942 1276 3022 Hessii,
1300 2943 1381 3008 alio-

214 3075 302 3129 rum,
336 3052 516 3128 continent3
547 3074 630 3137 quae
658 3053 744 3117 enim
771 3051 909 3138 plurima
931 3051 984 3117 vel
1006 3076 1073 3118 non
1101 3054 1300 3132 necessaria,
1329 3054 1381 3119 vel

215 3165 350 3239 ineerta,
380 3163 430 3228 vel
458 3163 553 3227 nimis
583 3163 711 3250 prolixa
739 3161 774 3226 in
800 3160 841 3226 iis
862 3162 1029 3248 leguntur,
1059 3165 1135 3250 quia
1157 3163 1236 3228 nihil
1259 3163 1382 3229 faciunt

213 3274 256 3341 ad
278 3285 399 3340 neotum
421 3274 495 3344 libri
517 3272 713 3338 intellectum
736 3274 992 3352 monstrandum,
1014 3285 1168 3360 tanquam
1191 3274 1296 3339 aliena
1315 3298 1380 3340 non

213 3385 356 3450 curanda
379 3384 538 3450 duximus.
583 3383 698 3470 Neque
726 3395 835 3448 tamen
864 3384 1048 3470 negaverim
1074 3385 1177 3450 multa
1202 3406 1243 3450 ex
1264 3384 1379 3450 iisdem

212 3517 265 3561 me
295 3494 445 3583 petiisse,
477 3516 561 3580 quae
590 3494 631 3558 ad
659 3494 780 3558 iustum
809 3493 941 3559 modum
965 3506 1117 3560 revocata
1138 3495 1225 3560 haud
1254 3493 1379 3560 inutilia

211 3607 282 3672 iore
302 3605 432 3673 lecturis
455 3628 561 3692 spero.
604 3605 644 3670 Ιη
660 3628 698 3670 ea
719 3627 754 3669 re
774 3616 881 3668 autem
902 3603 991 3669 iuvat
1009 3605 1152 3693 profiteri
1167 3627 1246 3693 prae
1265 3605 1378 3671 ceteris

211 3715 291 3782 mihi
322 3715 396 3780 usui
427 3716 528 3780 fuisse
562 3714 719 3781 editiones
749 3715 883 3780 Ioannis
913 3738 932 3778 a
967 3715 1116 3782 Grubero
1144 3728 1176 3780 et
1201 3711 1377 3804 Theophili

212 3825 416 3912 Kieasliugii,
439 3825 563 3913 quippe
585 3846 702 3910 quaea
722 3823 871 3911 diligenti
892 3824 1167 3912 interpretationis
1182 3826 1307 3892 ratione
1322 3835 1375 3892 a'e-

212 3948 387 4022 eurataque
408 3936 540 4023 linguae
560 3936 680 4002 latinae
703 3932 837 4001 scientia
859 3935 947 4000 haud
969 3959 1083 4024 parum
1105 3937 1375 4005 commendentur.

294 4097 486 4168 Scribebum
506 4097 627 4164 Erfurti
650 4099 681 4168 d.
697 4098 791 4167 VIII
806 4099 900 4164 ΚΑΒ.
915 4098 1006 4187 Sept.
1027 4121 1054 4165 a.
1072 4097 1311 4166 MDCCGLX
