3067 4867
211 413 253 478 14
499 431 504 438 ’
555 412 860 470 PROLEGOMENA.
898 413 978 470 OAP.
996 415 1035 471 11.

210 583 350 671 phorum
371 581 496 647 ratione
518 593 705 669 comparata
725 585 822 650 valde
844 587 1031 673 imperfecta
1052 587 1108 664 sit,
1133 587 1260 674 aliaque
1281 590 1380 656 relin-

210 706 289 781 quat
317 692 433 770 dubia,
466 692 527 756 alia
558 693 665 758 obiter
690 704 817 760 tantum
845 700 1001 784 attingat,
1035 698 1153 776 multa,
1186 723 1269 786 quae
1297 701 1382 766 scire

208 815 321 871 nostra
341 803 392 869 vel
414 805 553 870 maxime
574 805 715 884 intersit,
736 805 834 894 plane
856 831 921 872 uon
942 807 1077 886 babeat,
1099 809 1133 874 in
1155 832 1225 874 eam
1248 810 1381 898 opinio·

208 940 284 982 nem
312 914 510 993 inciderunt,
542 927 577 979 ut
606 929 765 1002 negarent
793 917 1017 997 Germaniam,
1049 919 1174 1007 quippe
1204 943 1288 1005 quae
1319 944 1381 1008 pro

128 1024 134 1040 “
209 1028 295 1092 iusto
324 1025 407 1092 libro
434 1025 545 1090 haberi
574 1039 730 1113 nequeat,
760 1050 799 1093 eo
823 1028 959 1094 consilio
981 1052 1000 1093 a
1022 1030 1139 1096 Tacito
1162 1031 1381 1118 conscriptam

210 1161 297 1217 esse,
326 1148 363 1202 ut
390 1137 602 1223 evulgaretur.
645 1138 734 1202 Nihil
757 1139 842 1204 enim
865 1139 953 1205 aliud
977 1161 1065 1218 esse,
1094 1141 1158 1206 nisi
1180 1141 1383 1206 collectanea

208 1249 370 1334 quaedam
399 1260 466 1312 tum
496 1269 535 1312 ex
564 1247 701 1312 lectione
730 1260 797 1314 tum
828 1272 868 1315 ex
897 1251 1194 1336 percontationibus
1223 1252 1265 1317 de
1293 1252 1381 1317 Ger·

208 1360 313 1425 manis
340 1352 502 1438 conlecta,
535 1357 653 1443 quibus
683 1359 735 1425 hic
762 1360 829 1425 illic
858 1360 1019 1426 admixtae
1049 1361 1113 1425 sint
1140 1361 1244 1448 ipsius
1271 1361 1382 1426 Taciti

210 1469 503 1537 animadversiones
533 1482 631 1554 atque
660 1470 798 1549 iudicia,
828 1471 861 1535 in
883 1471 1025 1536 futurum
1055 1495 1149 1537 usum
1176 1487 1270 1536 suum
1300 1493 1381 1538 con·

206 1570 347 1667 signata.
401 1579 515 1645 Videri
542 1589 649 1645 autem
679 1580 761 1646 hanc
791 1581 953 1646 variarum
981 1582 1226 1648 annotationum
1258 1584 1383 1670 imper·

208 1693 326 1758 lectam
342 1691 527 1776 congeriem
544 1714 585 1758 ex
606 1691 731 1757 scriniis
751 1695 891 1758 auctoris
910 1705 987 1778 post
1005 1692 1075 1758 eius
1091 1705 1227 1758 mortem
1246 1693 1279 1758 in
1299 1693 1383 1757 alius

208 1826 324 1869 manus
361 1802 562 1889 pervenisse,
600 1802 655 1887 qoi
689 1825 744 1868 eas
776 1814 942 1889 utcunque
975 1803 1157 1881 ordinatas,
1199 1805 1382 1891 suppletas,

208 1913 405 2001 compositas
432 1913 467 1977 in
487 1913 604 1999 vulgus
632 1913 778 1981 ediderit.
822 1913 889 1979 Sed
912 1914 985 1999 quis
1009 1914 1261 2001 circumspectus
1285 1914 1381 1979 libel·

207 2027 284 2104 lum,
306 2024 362 2110 qui
382 2046 449 2088 uon
472 2025 578 2089 solum
598 2024 632 2088 in
654 2025 839 2089 uuiversum
861 2025 912 2089 via
932 2036 964 2090 et
984 2025 1109 2090 ratione
1129 2025 1244 2089 lactem
1264 2025 1380 2111 dispo-

150 2191 166 2200 .
208 2137 358 2203 sitionem
385 2134 527 2200 ostendit
555 2136 595 2220 (v.
616 2135 849 2218 Bradanum),
881 2136 939 2200 sed
962 2135 1053 2200 cuius
1077 2135 1224 2220 singulae
1246 2158 1381 2222 quoque

207 2258 316 2336 partes
342 2267 394 2309 res
422 2257 498 2332 apte
526 2246 612 2310 inter
638 2267 673 2311 se
701 2246 910 2311 cohaerentes
938 2257 971 2309 et
992 2246 1086 2330 quasi
1115 2246 1242 2332 integra
1270 2246 1382 2333 capita

143 2392 146 2416 ι
207 2357 476 2445 complectuntur,
488 2379 555 2449 pro
564 2356 781 2434 collectaneis,
794 2378 887 2442 quae,
901 2365 937 2420 ut
950 2355 1016 2422 fors
1032 2356 1117 2432 tulit,
1134 2356 1380 2442 consignantur,

208 2469 346 2535 babeat?
390 2467 476 2550 Quis
498 2467 749 2555 porro¹credat‚
780 2466 944 2544 Tacitum,
975 2467 1002 2531 si
1029 2466 1091 2531 sibi
1120 2466 1182 2532 soli
1208 2467 1314 2532 varias
1338 2469 1381 2532 de

207 2580 379 2648 Germanis
400 2579 641 2644 observationes
664 2587 866 2655 annotasset,
886 2600 924 2642 ea
946 2577 1168 2655 admiscuisse,
1188 2576 1307 2662 quibus
1327 2579 1380 2642 vel

206 2704 317 2780 aperte
342 2691 394 2756 vel
418 2701 502 2755 tecte
528 2690 570 2756 ad
592 2690 759 2754 Romanos
787 2687 942 2776 respicit?
987 2689 1074 2753 Tum
1095 2679 1379 2775 quam‘rationem

207 2803 305 2869 babet
324 2801 518 2888 interposita
539 2823 566 2868 c.
583 2801 634 2868 37.
655 2799 797 2864 narratio
818 2798 925 2865 brevis
944 2798 985 2863 de
1000 2798 1237 2864 Germanorum
1256 2801 1380 2884 pugnis

206 2937 282 2980 cum
301 2912 481 2978 Romanis?
511 2934 595 2997 quae
625 2933 759 2998 prorsus
790 2908 931 2974 absurda
955 2908 1056 2986 foret,
1088 2909 1117 2974 si
1142 2908 1277 2974 Tacitus
1308 2933 1378 2974 eam

206 3023 398 3091 adversariis
421 3023 488 3087 suis
508 3023 678 3089 intulisset.
720 3021 873 3104 Denique
895 3007 1102 3106 optatumde
1119 3031 1278 3105 perpetua
1293 3020 1379 3086 Ger·

205 3157 375 3200 manorum
405 3133 583 3209 discordia,
613 3132 702 3219 quod
726 3153 752 3195 e.
775 3133 826 3208 33,
848 3131 878 3195 3.
906 3129 1040 3215 legitur,
1071 3129 1152 3194 illud
1180 3131 1315 3216 quidem
1339 3154 1379 3196 ex

206 3247 321 3314 intimo
345 3245 442 3309 animi
465 3244 583 3308 affectu
606 3254 728 3320 ortum,
751 3241 878 3326 qualem
900 3241 1008 3304 locum
1028 3241 1061 3303 in
1083 3240 1292 3305 collectaneis
1319 3242 1377 3306 ha·

206 3360 284 3425 bere
312 3355 444 3444 potuit?
494 3352 622 3436 Quouis
649 3354 751 3440 igitur
778 3351 908 3416 nomine
938 3350 1018 3415 haec
1049 3350 1234 3416 coniectura
1265 3353 1378 3416 infelix

201 3469 354 3558 putanda
376 3475 479 3532 estet
500 3465 656 3530 oblivioni
676 3464 844 3529 tradenda.

290 3577 381 3644 Nihil
404 3587 510 3641 autem
536 3598 663 3652 eorum,
687 3597 771 3663 quae
794 3572 972 3648 attulimus,
1005 3593 1103 3656 quum
1133 3571 1311 3636 satisfaciat
1334 3572 1378 3636 ad

139 3672 142 3683 Ι
206 3690 393 3767 consilium,
414 3688 504 3774 quod
520 3687 654 3752 Tacitus
671 3688 705 3750 iu
721 3683 899 3752 Germania
917 3693 1046 3747 secutus
1065 3681 1120 3758 sit,
1139 3682 1379 3768 explicandum,

207 3802 295 3868 aliud
318 3801 487 3866 severius
510 3795 739 3885 quaerentibus
761 3793 858 3860 nobis
882 3791 1131 3880 regrediendum
1153 3803 1202 3856 ert
1225 3792 1268 3856 ad
1290 3792 1380 3869 illud,

208 3912 298 4001 quod
324 3934 425 3998 supra
448 3911 527 3975 satis
548 3908 691 3985 idoneis,
718 3917 754 3971 ut
783 3904 985 3981 arbitramur,
1014 3901 1210 3987 argumentis
1241 3901 1379 3966 demon-

208 4025 391 4100 stravimus,
420 4023 455 4086 in
476 4020 550 4108 ipsa
570 4017 745 4084 Germania
767 4037 826 4102 per
847 4015 971 4099 aliquot
993 4033 1097 4076 anuos
1119 4021 1283 4077 versatum
1307 4035 1380 4077 esse

209 4135 368 4200 Tacitum.
412 4131 464 4197 Ibi
487 4153 585 4218 quum
607 4151 674 4192 non
697 4128 821 4192 otiosus
845 4136 900 4190 aut
923 4125 1016 4188 deses
1040 4133 1167 4207 ageret,
1191 4144 1313 4207 neque,
1344 4135 1380 4187 ut

160 4294 162 4298 -
208 4245 355 4332 plerique
383 4241 501 4327 legati,
535 4239 709 4313 avaritiae,
744 4235 931 4312 ambitioni,
966 4232 1113 4298 luxuriae
1140 4233 1270 4297 deditus
1278 4279 1287 4310 ,
1320 4231 1378 4297 ubi

207 4353 349 4439 negotiis
367 4352 566 4416 satisfactum
586 4360 667 4426 erat,
690 4348 834 4412 animum
848 4344 988 4433 appulit,
1010 4352 1045 4406 ut
1060 4342 1198 4408 decebat
1213 4342 1377 4408 bominem

207 4466 352 4541 doctum,
373 4461 571 4547 cognitionis
591 4459 698 4525 studio
716 4461 896 4555 incensum,
919 4465 1017 4538 atque
1033 4474 1139 4517 rerum
1155 4452 1378 4531 humanarum,
