<?xml version="1.0" encoding="UTF-8"?>
<!DOCTYPE html PUBLIC "-//W3C//DTD XHTML 1.0 Transitional//EN"
    "http://www.w3.org/TR/xhtml1/DTD/xhtml1-transitional.dtd">
<html xmlns="http://www.w3.org/1999/xhtml" xml:lang="en" lang="en">
 <head>
  <title>
</title>
<meta http-equiv="Content-Type" content="text/html;charset=utf-8" />
  <meta name='ocr-system' content='tesseract 3.04.00' />
  <meta name='ocr-capabilities' content='ocr_page ocr_carea ocr_par ocr_line ocrx_word'/>
</head>
<body>
  <div class='ocr_page' id='page_1' title='image "./pcorneliitaciti00wexgoog/pcorneliitaciti00wexgoog_0270.png"; bbox 0 0 3067 4867; ppageno 0'>
   <div class='ocr_carea' id='block_1_1' title="bbox 214 315 970 408">
    <p class='ocr_par' dir='ltr' id='par_1_1' title="bbox 214 315 970 408">
     <span class='ocr_line' id='line_1_1' title="bbox 214 315 970 408; baseline -0.008 -3"><span class='ocrx_word' id='word_1_1' title='bbox 214 338 256 408; x_wconf 77' lang='grc'><strong>74</strong></span> <span class='ocrx_word' id='word_1_2' title='bbox 289 315 293 323; x_wconf 78' lang='grc'>’</span> <span class='ocrx_word' id='word_1_3' title='bbox 632 336 814 400; x_wconf 80' lang='lat' dir='ltr'><strong>coaunnn</strong></span> <span class='ocrx_word' id='word_1_4' title='bbox 835 340 970 402; x_wconf 79' lang='lat' dir='ltr'><strong>numm</strong></span> 
     </span>
    </p>
   </div>
   <div class='ocr_carea' id='block_1_2' title="bbox 209 511 1391 1367">
    <p class='ocr_par' dir='ltr' id='par_1_2' title="bbox 210 511 1391 1037">
     <span class='ocr_line' id='line_1_2' title="bbox 214 511 1391 601; baseline 0.002 -22"><span class='ocrx_word' id='word_1_5' title='bbox 214 511 411 579; x_wconf 72' lang='lat' dir='ltr'><strong>Germaniae</strong></span> <span class='ocrx_word' id='word_1_6' title='bbox 432 512 593 597; x_wconf 90' lang='lat' dir='ltr'><strong>populos,</strong></span> <span class='ocrx_word' id='word_1_7' title='bbox 622 534 820 597; x_wconf 87' lang='lat' dir='ltr'><strong>quamquam</strong></span> <span class='ocrx_word' id='word_1_8' title='bbox 847 526 934 583; x_wconf 87' lang='lat' dir='ltr'><strong>trans</strong></span> <span class='ocrx_word' id='word_1_9' title='bbox 955 514 1107 583; x_wconf 86' lang='lat' dir='ltr'><strong>Rhenum</strong></span> <span class='ocrx_word' id='word_1_10' title='bbox 1128 516 1391 601; x_wconf 78' lang='lat' dir='ltr'><strong>Danubiumque</strong></span> 
     </span>
     <span class='ocr_line' id='line_1_3' title="bbox 213 620 1390 709; baseline 0.005 -23"><span class='ocrx_word' id='word_1_11' title='bbox 213 620 435 699; x_wconf 75' lang='lat' dir='ltr'>consederint,</span> <span class='ocrx_word' id='word_1_12' title='bbox 462 643 533 700; x_wconf 90' lang='lat' dir='ltr'><strong>eos,</strong></span> <span class='ocrx_word' id='word_1_13' title='bbox 559 622 617 707; x_wconf 91' lang='lat' dir='ltr'><strong>qui</strong></span> <span class='ocrx_word' id='word_1_14' title='bbox 639 621 824 689; x_wconf 85' lang='lat' dir='ltr'><strong>decumates</strong></span> <span class='ocrx_word' id='word_1_15' title='bbox 851 646 948 709; x_wconf 85' lang='lat' dir='ltr'><strong>agros</strong></span> <span class='ocrx_word' id='word_1_16' title='bbox 971 636 1130 693; x_wconf 63' lang='lat' dir='ltr'><strong>mereant.</strong></span> <span class='ocrx_word' id='word_1_17' title='bbox 1180 626 1390 691; x_wconf 86' lang='lat' dir='ltr'><strong>Levissimus</strong></span> 
     </span>
     <span class='ocr_line' id='line_1_4' title="bbox 213 730 1389 822; baseline 0.007 -28"><span class='ocrx_word' id='word_1_18' title='bbox 213 731 353 815; x_wconf 88' lang='lat' dir='ltr'><strong>quisque</strong></span> <span class='ocrx_word' id='word_1_19' title='bbox 374 730 544 797; x_wconf 77' lang='lat' dir='ltr'><strong>Gallorum</strong></span> <span class='ocrx_word' id='word_1_20' title='bbox 567 741 600 797; x_wconf 91' lang='lat' dir='ltr'><strong>et</strong></span> <span class='ocrx_word' id='word_1_21' title='bbox 625 732 740 818; x_wconf 88' lang='lat' dir='ltr'><strong>inopia</strong></span> <span class='ocrx_word' id='word_1_22' title='bbox 763 734 873 799; x_wconf 84' lang='lat' dir='ltr'><strong>audax</strong></span> <span class='ocrx_word' id='word_1_23' title='bbox 895 732 1014 801; x_wconf 84' lang='lat' dir='ltr'><strong>dubiae</strong></span> <span class='ocrx_word' id='word_1_24' title='bbox 1034 735 1253 822; x_wconf 78' lang='lat' dir='ltr'>possessionis</span> <span class='ocrx_word' id='word_1_25' title='bbox 1280 736 1389 801; x_wconf 86' lang='lat' dir='ltr'><strong>solum</strong></span> 
     </span>
     <span class='ocr_line' id='line_1_5' title="bbox 212 841 1388 931; baseline 0.003 -24"><span class='ocrx_word' id='word_1_26' title='bbox 212 862 423 927; x_wconf 85' lang='lat' dir='ltr'><strong>occupavere.</strong></span> <span class='ocrx_word' id='word_1_27' title='bbox 475 842 560 907; x_wconf 87' lang='lat' dir='ltr'><strong>Mox</strong></span> <span class='ocrx_word' id='word_1_28' title='bbox 591 841 693 909; x_wconf 87' lang='lat' dir='ltr'><strong>limite</strong></span> <span class='ocrx_word' id='word_1_29' title='bbox 723 854 796 907; x_wconf 88' lang='lat' dir='ltr'><strong>aeto</strong></span> <span class='ocrx_word' id='word_1_30' title='bbox 830 843 1054 929; x_wconf 83' lang='lat' dir='ltr'><strong>promotisque</strong></span> <span class='ocrx_word' id='word_1_31' title='bbox 1086 844 1260 931; x_wconf 78' lang='lat' dir='ltr'>praesidiis</span> <span class='ocrx_word' id='word_1_32' title='bbox 1294 845 1388 911; x_wconf 89' lang='lat' dir='ltr'><strong>sinus</strong></span> 
     </span>
     <span class='ocr_line' id='line_1_6' title="bbox 210 949 889 1037; baseline 0.006 -22"><span class='ocrx_word' id='word_1_33' title='bbox 210 949 340 1037; x_wconf 88' lang='lat' dir='ltr'><strong>imperii</strong></span> <span class='ocrx_word' id='word_1_34' title='bbox 362 960 395 1014; x_wconf 91' lang='lat' dir='ltr'><strong>et</strong></span> <span class='ocrx_word' id='word_1_35' title='bbox 417 972 492 1037; x_wconf 88' lang='lat' dir='ltr'><strong>pars</strong></span> <span class='ocrx_word' id='word_1_36' title='bbox 514 951 700 1037; x_wconf 87' lang='lat' dir='ltr'><strong>provinciae</strong></span> <span class='ocrx_word' id='word_1_37' title='bbox 721 951 889 1019; x_wconf 75' lang='lat' dir='ltr'><strong>habentur.</strong></span> 
     </span>
    </p>

    <p class='ocr_par' dir='ltr' id='par_1_3' title="bbox 209 1059 1389 1367">
     <span class='ocr_line' id='line_1_7' title="bbox 293 1059 1389 1147; baseline 0.005 -21"><span class='ocrx_word' id='word_1_38' title='bbox 293 1059 414 1127; x_wconf 76' lang='lat' dir='ltr'><strong>XXX</strong></span> <span class='ocrx_word' id='word_1_39' title='bbox 456 1060 552 1127; x_wconf 89' lang='lat' dir='ltr'><strong>Ultra</strong></span> <span class='ocrx_word' id='word_1_40' title='bbox 572 1059 633 1125; x_wconf 92' lang='lat' dir='ltr'><strong>hos</strong></span> <span class='ocrx_word' id='word_1_41' title='bbox 656 1059 767 1129; x_wconf 78' lang='lat' dir='ltr'>Chatti</span> <span class='ocrx_word' id='word_1_42' title='bbox 788 1061 915 1127; x_wconf 91' lang='lat' dir='ltr'><strong>initium</strong></span> <span class='ocrx_word' id='word_1_43' title='bbox 937 1062 1024 1129; x_wconf 90' lang='lat' dir='ltr'><strong>sedis</strong></span> <span class='ocrx_word' id='word_1_44' title='bbox 1046 1062 1087 1129; x_wconf 91' lang='lat' dir='ltr'><strong>ab</strong></span> <span class='ocrx_word' id='word_1_45' title='bbox 1109 1062 1277 1147; x_wconf 86' lang='lat' dir='ltr'><strong>Hercynio</strong></span> <span class='ocrx_word' id='word_1_46' title='bbox 1302 1062 1389 1132; x_wconf 83' lang='lat' dir='ltr'><strong>saltn</strong></span> 
     </span>
     <span class='ocr_line' id='line_1_8' title="bbox 209 1169 1388 1258; baseline 0.004 -24"><span class='ocrx_word' id='word_1_47' title='bbox 209 1169 373 1237; x_wconf 89' lang='lat' dir='ltr'><strong>inchoant.</strong></span> <span class='ocrx_word' id='word_1_48' title='bbox 426 1170 505 1235; x_wconf 90' lang='lat' dir='ltr'><strong>Non</strong></span> <span class='ocrx_word' id='word_1_49' title='bbox 533 1169 579 1235; x_wconf 89' lang='lat' dir='ltr'><strong>ita</strong></span> <span class='ocrx_word' id='word_1_50' title='bbox 609 1170 720 1235; x_wconf 87' lang='lat' dir='ltr'><strong>effusis</strong></span> <span class='ocrx_word' id='word_1_51' title='bbox 752 1192 791 1239; x_wconf 84' lang='lat' dir='ltr'><strong>ao</strong></span> <span class='ocrx_word' id='word_1_52' title='bbox 823 1171 1021 1258; x_wconf 80' lang='lat' dir='ltr'><strong>palustribus</strong></span> <span class='ocrx_word' id='word_1_53' title='bbox 1050 1172 1149 1249; x_wconf 91' lang='lat' dir='ltr'><strong>locis,</strong></span> <span class='ocrx_word' id='word_1_54' title='bbox 1186 1184 1223 1237; x_wconf 87' lang='lat' dir='ltr'><strong>ut</strong></span> <span class='ocrx_word' id='word_1_55' title='bbox 1254 1184 1388 1239; x_wconf 90' lang='lat' dir='ltr'><strong>ceterae</strong></span> 
     </span>
     <span class='ocr_line' id='line_1_9' title="bbox 209 1279 1387 1367; baseline 0.002 -22"><span class='ocrx_word' id='word_1_56' title='bbox 209 1279 372 1356; x_wconf 70' lang='lat' dir='ltr'><strong>rinitores,</strong></span> <span class='ocrx_word' id='word_1_57' title='bbox 392 1279 429 1343; x_wconf 90' lang='lat' dir='ltr'><strong>in</strong></span> <span class='ocrx_word' id='word_1_58' title='bbox 449 1301 533 1364; x_wconf 88' lang='lat' dir='ltr'><strong>quas</strong></span> <span class='ocrx_word' id='word_1_59' title='bbox 553 1279 731 1351; x_wconf 85' lang='lat' dir='ltr'><strong>Germania</strong></span> <span class='ocrx_word' id='word_1_60' title='bbox 754 1282 909 1367; x_wconf 88' lang='lat' dir='ltr'><strong>patescit,</strong></span> <span class='ocrx_word' id='word_1_61' title='bbox 936 1282 1069 1361; x_wconf 86' lang='lat' dir='ltr'><strong>durant,</strong></span> <span class='ocrx_word' id='word_1_62' title='bbox 1099 1281 1262 1366; x_wconf 86' lang='lat' dir='ltr'><strong>siquidem</strong></span> <span class='ocrx_word' id='word_1_63' title='bbox 1284 1282 1387 1350; x_wconf 90' lang='lat' dir='ltr'><strong>colles</strong></span> 
     </span>
    </p>
   </div>
   <div class='ocr_carea' id='block_1_3' title="bbox 198 1455 1388 4373">
    <p class='ocr_par' dir='ltr' id='par_1_4' title="bbox 204 1455 1388 2991">
     <span class='ocr_line' id='line_1_10' title="bbox 243 1455 1388 1535; baseline 0.003 -18"><span class='ocrx_word' id='word_1_64' title='bbox 243 1455 400 1521; x_wconf 51' lang='lat' dir='ltr'><strong>&amp;summas</strong></span> <span class='ocrx_word' id='word_1_65' title='bbox 411 1462 505 1531; x_wconf 76' lang='lat' dir='ltr'><strong>apros]</strong></span> <span class='ocrx_word' id='word_1_66' title='bbox 518 1464 561 1517; x_wconf 89' lang='lat' dir='ltr'><strong>De</strong></span> <span class='ocrx_word' id='word_1_67' title='bbox 570 1462 613 1516; x_wconf 91' lang='lat' dir='ltr'><strong>his</strong></span> <span class='ocrx_word' id='word_1_68' title='bbox 625 1466 773 1518; x_wconf 81' lang='lat' dir='ltr'><strong>admodum</strong></span> <span class='ocrx_word' id='word_1_69' title='bbox 850 1466 994 1535; x_wconf 80' lang='lat' dir='ltr'><strong>habentur]</strong></span> <span class='ocrx_word' id='word_1_70' title='bbox 1003 1464 1219 1521; x_wconf 84' lang='lat' dir='ltr'><strong>Grammatioum</strong></span> <span class='ocrx_word' id='word_1_71' title='bbox 1227 1466 1388 1523; x_wconf 87' lang='lat' dir='ltr'><strong>subiectum</strong></span> 
     </span>
     <span class='ocr_line' id='line_1_11' title="bbox 207 1540 1387 1611; baseline 0 -12"><span class='ocrx_word' id='word_1_72' title='bbox 207 1544 316 1599; x_wconf 87' lang='lat' dir='ltr'><strong>incerta</strong></span> <span class='ocrx_word' id='word_1_73' title='bbox 332 1559 378 1595; x_wconf 90' lang='lat' dir='ltr'><strong>res</strong></span> <span class='ocrx_word' id='word_1_74' title='bbox 395 1550 447 1602; x_wconf 88' lang='lat' dir='ltr'><strong>est,</strong></span> <span class='ocrx_word' id='word_1_75' title='bbox 460 1557 544 1609; x_wconf 89' lang='lat' dir='ltr'><strong>quum</strong></span> <span class='ocrx_word' id='word_1_76' title='bbox 558 1557 694 1609; x_wconf 88' lang='lat' dir='ltr'><strong>nusquam</strong></span> <span class='ocrx_word' id='word_1_77' title='bbox 707 1540 774 1595; x_wconf 87' lang='lat' dir='ltr'><strong>alibi</strong></span> <span class='ocrx_word' id='word_1_78' title='bbox 817 1550 881 1594; x_wconf 88' lang='lat' dir='ltr'><strong>sunt</strong></span> <span class='ocrx_word' id='word_1_79' title='bbox 903 1541 1007 1597; x_wconf 77' lang='lat' dir='ltr'><strong>Galli</strong></span> <span class='ocrx_word' id='word_1_80' title='bbox 1027 1544 1185 1595; x_wconf 59' lang='lat' dir='ltr'><strong>darmatas</strong></span> <span class='ocrx_word' id='word_1_81' title='bbox 1202 1560 1289 1611; x_wconf 76' lang='lat' dir='ltr'><strong>apros</strong></span> <span class='ocrx_word' id='word_1_82' title='bbox 1309 1561 1387 1599; x_wconf 79' lang='lat' dir='ltr'><strong>enar-</strong></span> 
     </span>
     <span class='ocr_line' id='line_1_12' title="bbox 208 1616 1387 1688; baseline -0.001 -11"><span class='ocrx_word' id='word_1_83' title='bbox 208 1626 403 1677; x_wconf 83' lang='lat' dir='ltr'><strong>memorentur.</strong></span> <span class='ocrx_word' id='word_1_84' title='bbox 428 1616 567 1671; x_wconf 86' lang='lat' dir='ltr'><strong>Videntur</strong></span> <span class='ocrx_word' id='word_1_85' title='bbox 583 1625 677 1671; x_wconf 87' lang='lat' dir='ltr'><strong>tamen</strong></span> <span class='ocrx_word' id='word_1_86' title='bbox 692 1619 774 1672; x_wconf 82' lang='lat' dir='ltr'><strong>deru-</strong></span> <span class='ocrx_word' id='word_1_87' title='bbox 816 1626 923 1687; x_wconf 60' lang='lat' dir='ltr'><strong>carum</strong></span> <span class='ocrx_word' id='word_1_88' title='bbox 951 1621 1001 1673; x_wconf 90' lang='lat' dir='ltr'><strong>ssd</strong></span> <span class='ocrx_word' id='word_1_89' title='bbox 1025 1618 1216 1688; x_wconf 86' lang='lat' dir='ltr'><strong>praedicatum</strong></span> <span class='ocrx_word' id='word_1_90' title='bbox 1242 1620 1282 1675; x_wconf 87' lang='lat' dir='ltr'><strong>ita</strong></span> <span class='ocrx_word' id='word_1_91' title='bbox 1310 1640 1387 1676; x_wconf 90' lang='lat' dir='ltr'><strong>com·</strong></span> 
     </span>
     <span class='ocr_line' id='line_1_13' title="bbox 207 1693 1388 1764; baseline 0.005 -16"><span class='ocrx_word' id='word_1_92' title='bbox 207 1706 294 1753; x_wconf 83' lang='lat' dir='ltr'><strong>matos</strong></span> <span class='ocrx_word' id='word_1_93' title='bbox 312 1694 378 1763; x_wconf 74' lang='lat' dir='ltr'><strong>agri</strong></span> <span class='ocrx_word' id='word_1_94' title='bbox 401 1694 511 1747; x_wconf 83' lang='lat' dir='ltr'><strong>variata</strong></span> <span class='ocrx_word' id='word_1_95' title='bbox 534 1693 663 1748; x_wconf 78' lang='lat' dir='ltr'><strong>vocabuli</strong></span> <span class='ocrx_word' id='word_1_96' title='bbox 684 1694 773 1750; x_wconf 79' lang='lat' dir='ltr'><strong>iorrna</strong></span> <span class='ocrx_word' id='word_1_97' title='bbox 816 1706 944 1764; x_wconf 89' lang='lat' dir='ltr'><strong>paratum</strong></span> <span class='ocrx_word' id='word_1_98' title='bbox 957 1704 1007 1759; x_wconf 90' lang='lat' dir='ltr'><strong>est,</strong></span> <span class='ocrx_word' id='word_1_99' title='bbox 1021 1703 1051 1750; x_wconf 82' lang='lat' dir='ltr'><strong>ut</strong></span> <span class='ocrx_word' id='word_1_100' title='bbox 1062 1695 1204 1749; x_wconf 72' lang='lat' dir='ltr'><strong>homimem</strong></span> <span class='ocrx_word' id='word_1_101' title='bbox 1217 1697 1294 1751; x_wconf 86' lang='lat' dir='ltr'><strong>notio</strong></span> <span class='ocrx_word' id='word_1_102' title='bbox 1311 1715 1388 1753; x_wconf 89' lang='lat' dir='ltr'><strong>com·</strong></span> 
     </span>
     <span class='ocr_line' id='line_1_14' title="bbox 208 1766 1385 1842; baseline 0.001 -13"><span class='ocrx_word' id='word_1_103' title='bbox 208 1776 293 1830; x_wconf 87' lang='lat' dir='ltr'><strong>iidem</strong></span> <span class='ocrx_word' id='word_1_104' title='bbox 312 1789 387 1836; x_wconf 89' lang='lat' dir='ltr'><strong>esse,</strong></span> <span class='ocrx_word' id='word_1_105' title='bbox 408 1769 457 1840; x_wconf 91' lang='lat' dir='ltr'><strong>qui</strong></span> <span class='ocrx_word' id='word_1_106' title='bbox 474 1771 543 1824; x_wconf 87' lang='lat' dir='ltr'><strong>alias</strong></span> <span class='ocrx_word' id='word_1_107' title='bbox 561 1771 711 1825; x_wconf 80' lang='lat' dir='ltr'><strong>decumani</strong></span> <span class='ocrx_word' id='word_1_108' title='bbox 731 1771 773 1825; x_wconf 92' lang='lat' dir='ltr'><strong>di·</strong></span> <span class='ocrx_word' id='word_1_109' title='bbox 816 1780 939 1825; x_wconf 88' lang='lat' dir='ltr'><strong>mutetur</strong></span> <span class='ocrx_word' id='word_1_110' title='bbox 959 1788 1021 1825; x_wconf 91' lang='lat' dir='ltr'><strong>cum</strong></span> <span class='ocrx_word' id='word_1_111' title='bbox 1039 1780 1127 1835; x_wconf 79' lang='lat' dir='ltr'><strong>terro,</strong></span> <span class='ocrx_word' id='word_1_112' title='bbox 1146 1790 1229 1842; x_wconf 88' lang='lat' dir='ltr'><strong>quam</strong></span> <span class='ocrx_word' id='word_1_113' title='bbox 1247 1766 1385 1832; x_wconf 76' lang='lat' dir='ltr'><strong>incolunt.</strong></span> 
     </span>
     <span class='ocr_line' id='line_1_15' title="bbox 208 1847 1386 1921; baseline -0.001 -15"><span class='ocrx_word' id='word_1_114' title='bbox 208 1860 324 1914; x_wconf 90' lang='lat' dir='ltr'><strong>cuntur,</strong></span> <span class='ocrx_word' id='word_1_115' title='bbox 355 1849 373 1901; x_wconf 93' lang='lat' dir='ltr'><strong>i.</strong></span> <span class='ocrx_word' id='word_1_116' title='bbox 394 1865 419 1901; x_wconf 87' lang='lat' dir='ltr'><strong>e.</strong></span> <span class='ocrx_word' id='word_1_117' title='bbox 445 1864 502 1917; x_wconf 81' lang='lat' dir='ltr'><strong>pro</strong></span> <span class='ocrx_word' id='word_1_118' title='bbox 529 1847 627 1916; x_wconf 78' lang='lat' dir='ltr'><strong>quibus</strong></span> <span class='ocrx_word' id='word_1_119' title='bbox 654 1848 773 1901; x_wconf 73' lang='lat' dir='ltr'><strong>rubores</strong></span> <span class='ocrx_word' id='word_1_120' title='bbox 849 1849 943 1904; x_wconf 89' lang='lat' dir='ltr'>XXX.</span> <span class='ocrx_word' id='word_1_121' title='bbox 970 1854 991 1904; x_wconf 91' lang='lat'><strong>1.</strong></span> <span class='ocrx_word' id='word_1_122' title='bbox 1016 1849 1092 1902; x_wconf 86' lang='lat' dir='ltr'><strong>ultra</strong></span> <span class='ocrx_word' id='word_1_123' title='bbox 1117 1849 1176 1917; x_wconf 80' lang='lat' dir='ltr'><strong>hos]</strong></span> <span class='ocrx_word' id='word_1_124' title='bbox 1206 1868 1245 1905; x_wconf 90' lang='lat' dir='ltr'><strong>sc.</strong></span> <span class='ocrx_word' id='word_1_125' title='bbox 1272 1859 1386 1921; x_wconf 87' lang='lat' dir='ltr'><strong>septen·</strong></span> 
     </span>
     <span class='ocr_line' id='line_1_16' title="bbox 207 1924 1385 1995; baseline 0 -14"><span class='ocrx_word' id='word_1_126' title='bbox 207 1931 338 1983; x_wconf 56' lang='lat' dir='ltr'><strong>&amp;aanor</strong></span> <span class='ocrx_word' id='word_1_127' title='bbox 345 1925 480 1995; x_wconf 70' lang='lat' dir='ltr'><strong>pondos.</strong></span> <span class='ocrx_word' id='word_1_128' title='bbox 498 1925 576 1988; x_wconf 89' lang='lat' dir='ltr'><strong>Quos</strong></span> <span class='ocrx_word' id='word_1_129' title='bbox 588 1932 678 1978; x_wconf 85' lang='lat' dir='ltr'><strong>autem</strong></span> <span class='ocrx_word' id='word_1_130' title='bbox 689 1942 772 1995; x_wconf 88' lang='lat' dir='ltr'><strong>agros</strong></span> <span class='ocrx_word' id='word_1_131' title='bbox 814 1924 932 1979; x_wconf 87' lang='lat' dir='ltr'><strong>trionem</strong></span> <span class='ocrx_word' id='word_1_132' title='bbox 950 1933 978 1979; x_wconf 89' lang='lat' dir='ltr'><strong>et</strong></span> <span class='ocrx_word' id='word_1_133' title='bbox 996 1924 1131 1979; x_wconf 88' lang='lat' dir='ltr'><strong>orientem</strong></span> <span class='ocrx_word' id='word_1_134' title='bbox 1150 1943 1254 1980; x_wconf 75' lang='lat' dir='ltr'><strong>venus.</strong></span> <span class='ocrx_word' id='word_1_135' title='bbox 1268 1956 1301 1966; x_wconf 91' lang='lat'><strong>—</strong></span> <span class='ocrx_word' id='word_1_136' title='bbox 1320 1929 1385 1982; x_wconf 89' lang='lat' dir='ltr'><strong>Hos</strong></span> 
     </span>
     <span class='ocr_line' id='line_1_17' title="bbox 206 2000 1386 2071; baseline -0.002 -11"><span class='ocrx_word' id='word_1_137' title='bbox 206 2003 327 2060; x_wconf 85' lang='lat' dir='ltr'><strong>Romani</strong></span> <span class='ocrx_word' id='word_1_138' title='bbox 345 2003 374 2055; x_wconf 90' lang='lat' dir='ltr'><strong>in</strong></span> <span class='ocrx_word' id='word_1_139' title='bbox 393 2000 543 2055; x_wconf 86' lang='lat' dir='ltr'><strong>Germania</strong></span> <span class='ocrx_word' id='word_1_140' title='bbox 561 2000 704 2070; x_wconf 87' lang='lat' dir='ltr'><strong>superiore</strong></span> <span class='ocrx_word' id='word_1_141' title='bbox 723 2006 772 2056; x_wconf 90' lang='lat' dir='ltr'><strong>de·</strong></span> <span class='ocrx_word' id='word_1_142' title='bbox 814 2000 1042 2071; x_wconf 88' lang='lat' dir='ltr'><strong>nonpertinetad</strong></span> <span class='ocrx_word' id='word_1_143' title='bbox 1053 2003 1239 2055; x_wconf 66' lang='lat' dir='ltr'><strong>deramatam</strong></span> <span class='ocrx_word' id='word_1_144' title='bbox 1248 2021 1386 2071; x_wconf 67' lang='lat' dir='ltr'><strong>agrorum</strong></span> 
     </span>
     <span class='ocr_line' id='line_1_18' title="bbox 205 2077 1384 2147; baseline -0.001 -11"><span class='ocrx_word' id='word_1_145' title='bbox 205 2082 286 2136; x_wconf 84' lang='lat' dir='ltr'><strong>victis</strong></span> <span class='ocrx_word' id='word_1_146' title='bbox 298 2077 457 2133; x_wconf 85' lang='lat' dir='ltr'><strong>nationibus</strong></span> <span class='ocrx_word' id='word_1_147' title='bbox 470 2077 638 2147; x_wconf 87' lang='lat' dir='ltr'><strong>eripuerant,</strong></span> <span class='ocrx_word' id='word_1_148' title='bbox 651 2079 771 2147; x_wconf 84' lang='lat' dir='ltr'><strong>antiquis</strong></span> <span class='ocrx_word' id='word_1_149' title='bbox 814 2078 941 2141; x_wconf 68' lang='lat' dir='ltr'><strong>roborea</strong></span> <span class='ocrx_word' id='word_1_150' title='bbox 956 2080 1004 2132; x_wconf 88' lang='lat' dir='ltr'><strong>sed</strong></span> <span class='ocrx_word' id='word_1_151' title='bbox 1019 2080 1054 2131; x_wconf 87' lang='lat' dir='ltr'><strong>ad</strong></span> <span class='ocrx_word' id='word_1_152' title='bbox 1067 2078 1232 2133; x_wconf 80' lang='lat' dir='ltr'><strong>Mattiacas.</strong></span> <span class='ocrx_word' id='word_1_153' title='bbox 1256 2080 1295 2133; x_wconf 86' lang='lat' dir='ltr'><strong>Hi</strong></span> <span class='ocrx_word' id='word_1_154' title='bbox 1309 2080 1384 2135; x_wconf 88' lang='lat' dir='ltr'><strong>enim</strong></span> 
     </span>
     <span class='ocr_line' id='line_1_19' title="bbox 206 2154 1384 2225; baseline -0.003 -11"><span class='ocrx_word' id='word_1_155' title='bbox 206 2158 304 2214; x_wconf 88' lang='lat' dir='ltr'><strong>incolis</strong></span> <span class='ocrx_word' id='word_1_156' title='bbox 317 2154 459 2225; x_wconf 88' lang='lat' dir='ltr'><strong>plerisque</strong></span> <span class='ocrx_word' id='word_1_157' title='bbox 473 2154 604 2222; x_wconf 82' lang='lat' dir='ltr'><strong>expulsis,</strong></span> <span class='ocrx_word' id='word_1_158' title='bbox 615 2172 665 2208; x_wconf 86' lang='lat' dir='ltr'><strong>eos</strong></span> <span class='ocrx_word' id='word_1_159' title='bbox 673 2154 772 2219; x_wconf 89' lang='lat' dir='ltr'><strong>Gallis,</strong></span> <span class='ocrx_word' id='word_1_160' title='bbox 815 2154 913 2209; x_wconf 86' lang='lat' dir='ltr'><strong>ordine</strong></span> <span class='ocrx_word' id='word_1_161' title='bbox 928 2154 1110 2225; x_wconf 81' lang='lat' dir='ltr'><strong>expositionis</strong></span> <span class='ocrx_word' id='word_1_162' title='bbox 1123 2154 1244 2223; x_wconf 82' lang='lat' dir='ltr'><strong>proximi</strong></span> <span class='ocrx_word' id='word_1_163' title='bbox 1258 2165 1332 2221; x_wconf 89' lang='lat' dir='ltr'><strong>sunt,</strong></span> <span class='ocrx_word' id='word_1_164' title='bbox 1346 2159 1384 2211; x_wconf 90' lang='lat' dir='ltr'><strong>de</strong></span> 
     </span>
     <span class='ocr_line' id='line_1_20' title="bbox 206 2229 1326 2305; baseline -0.001 -17"><span class='ocrx_word' id='word_1_165' title='bbox 206 2233 256 2305; x_wconf 90' lang='lat' dir='ltr'><strong>qni</strong></span> <span class='ocrx_word' id='word_1_166' title='bbox 280 2232 375 2301; x_wconf 88' lang='lat' dir='ltr'><strong>inopia</strong></span> <span class='ocrx_word' id='word_1_167' title='bbox 401 2238 431 2283; x_wconf 87' lang='lat' dir='ltr'><strong>et</strong></span> <span class='ocrx_word' id='word_1_168' title='bbox 456 2229 574 2282; x_wconf 86' lang='lat' dir='ltr'><strong>audacia</strong></span> <span class='ocrx_word' id='word_1_169' title='bbox 602 2230 714 2300; x_wconf 91' lang='lat' dir='ltr'><strong>impulsi</strong></span> <span class='ocrx_word' id='word_1_170' title='bbox 742 2231 771 2285; x_wconf 90' lang='lat' dir='ltr'><strong>iu</strong></span> <span class='ocrx_word' id='word_1_171' title='bbox 813 2231 867 2285; x_wconf 91' lang='lat' dir='ltr'><strong>illis</strong></span> <span class='ocrx_word' id='word_1_172' title='bbox 885 2233 967 2284; x_wconf 93' lang='lat' dir='ltr'><strong>modo</strong></span> <span class='ocrx_word' id='word_1_173' title='bbox 987 2230 1014 2285; x_wconf 89' lang='lat' dir='ltr'><strong>in</strong></span> <span class='ocrx_word' id='word_1_174' title='bbox 1032 2230 1193 2302; x_wconf 84' lang='lat' dir='ltr'><strong>parenthesi</strong></span> <span class='ocrx_word' id='word_1_175' title='bbox 1211 2232 1326 2287; x_wconf 84' lang='lat' dir='ltr'><strong>dietum.</strong></span> 
     </span>
     <span class='ocr_line' id='line_1_21' title="bbox 206 2305 1385 2376; baseline 0.001 -13"><span class='ocrx_word' id='word_1_176' title='bbox 206 2309 385 2367; x_wconf 82' lang='lat' dir='ltr'><strong>Germaniam</strong></span> <span class='ocrx_word' id='word_1_177' title='bbox 413 2305 580 2374; x_wconf 82' lang='lat' dir='ltr'><strong>transgressi</strong></span> <span class='ocrx_word' id='word_1_178' title='bbox 608 2316 702 2372; x_wconf 87' lang='lat' dir='ltr'><strong>erant,</strong></span> <span class='ocrx_word' id='word_1_179' title='bbox 737 2327 772 2363; x_wconf 90' lang='lat' dir='ltr'><strong>ea</strong></span> <span class='ocrx_word' id='word_1_180' title='bbox 848 2308 959 2361; x_wconf 79' lang='lat' dir='ltr'><strong>initium</strong></span> <span class='ocrx_word' id='word_1_181' title='bbox 972 2336 1005 2347; x_wconf 92' lang='lat'><em>-</em></span> <span class='ocrx_word' id='word_1_182' title='bbox 1018 2307 1158 2376; x_wconf 75' lang='lat' dir='ltr'><strong>inchoarat]</strong></span> <span class='ocrx_word' id='word_1_183' title='bbox 1173 2325 1199 2361; x_wconf 84' lang='lat' dir='ltr'><strong>v.</strong></span> <span class='ocrx_word' id='word_1_184' title='bbox 1214 2310 1252 2362; x_wconf 90' lang='lat' dir='ltr'><strong>ad</strong></span> <span class='ocrx_word' id='word_1_185' title='bbox 1268 2326 1291 2364; x_wconf 81' lang='lat' dir='ltr'><strong>r..</strong></span> <span class='ocrx_word' id='word_1_186' title='bbox 1306 2315 1346 2374; x_wconf 88' lang='lat'><strong>18,</strong></span> <span class='ocrx_word' id='word_1_187' title='bbox 1357 2316 1385 2367; x_wconf 88' lang='lat'><strong>3.</strong></span> 
     </span>
     <span class='ocr_line' id='line_1_22' title="bbox 207 2384 1385 2455; baseline -0.003 -12"><span class='ocrx_word' id='word_1_188' title='bbox 207 2385 374 2444; x_wconf 88' lang='lat' dir='ltr'><strong>condicione</strong></span> <span class='ocrx_word' id='word_1_189' title='bbox 393 2399 570 2447; x_wconf 87' lang='lat' dir='ltr'><strong>concessere,</strong></span> <span class='ocrx_word' id='word_1_190' title='bbox 589 2392 620 2437; x_wconf 90' lang='lat' dir='ltr'><strong>nt</strong></span> <span class='ocrx_word' id='word_1_191' title='bbox 640 2386 771 2439; x_wconf 85' lang='lat' dir='ltr'><strong>decumas</strong></span> <span class='ocrx_word' id='word_1_192' title='bbox 848 2386 915 2439; x_wconf 80' lang='lat' dir='ltr'><strong>Non</strong></span> <span class='ocrx_word' id='word_1_193' title='bbox 934 2385 976 2437; x_wconf 82' lang='lat' dir='ltr'><strong>s&#39;tc</strong></span> <span class='ocrx_word' id='word_1_194' title='bbox 993 2384 1090 2454; x_wconf 82' lang='lat' dir='ltr'><strong>affusis</strong></span> <span class='ocrx_word' id='word_1_195' title='bbox 1107 2401 1143 2437; x_wconf 84' lang='lat' dir='ltr'><strong>oc</strong></span> <span class='ocrx_word' id='word_1_196' title='bbox 1156 2386 1385 2455; x_wconf 80' lang='lat' dir='ltr'><strong>palustribus-</strong></span> 
     </span>
     <span class='ocr_line' id='line_1_23' title="bbox 205 2458 1385 2530; baseline -0.001 -12"><span class='ocrx_word' id='word_1_197' title='bbox 205 2463 258 2519; x_wconf 90' lang='lat' dir='ltr'><strong>sibi</strong></span> <span class='ocrx_word' id='word_1_198' title='bbox 283 2462 432 2515; x_wconf 87' lang='lat' dir='ltr'><strong>solverent.</strong></span> <span class='ocrx_word' id='word_1_199' title='bbox 471 2458 541 2512; x_wconf 88' lang='lat' dir='ltr'><strong>Inde</strong></span> <span class='ocrx_word' id='word_1_200' title='bbox 563 2467 638 2514; x_wconf 89' lang='lat' dir='ltr'><strong>totus</strong></span> <span class='ocrx_word' id='word_1_201' title='bbox 660 2461 772 2517; x_wconf 88' lang='lat' dir='ltr'><strong>illorum</strong></span> <span class='ocrx_word' id='word_1_202' title='bbox 814 2462 927 2530; x_wconf 80' lang='lat' dir='ltr'><strong>durant]</strong></span> <span class='ocrx_word' id='word_1_203' title='bbox 955 2461 972 2515; x_wconf 89' lang='lat' dir='ltr'><strong>i.</strong></span> <span class='ocrx_word' id='word_1_204' title='bbox 996 2480 1021 2515; x_wconf 89' lang='lat' dir='ltr'><strong>e.</strong></span> <span class='ocrx_word' id='word_1_205' title='bbox 1045 2477 1092 2527; x_wconf 87' lang='lat' dir='ltr'><strong>so,</strong></span> <span class='ocrx_word' id='word_1_206' title='bbox 1121 2463 1198 2530; x_wconf 89' lang='lat' dir='ltr'><strong>quod</strong></span> <span class='ocrx_word' id='word_1_207' title='bbox 1225 2465 1296 2517; x_wconf 87' lang='lat' dir='ltr'><strong>haec</strong></span> <span class='ocrx_word' id='word_1_208' title='bbox 1320 2464 1385 2517; x_wconf 89' lang='lat' dir='ltr'><strong>loca</strong></span> 
     </span>
     <span class='ocr_line' id='line_1_24' title="bbox 206 2537 1385 2611; baseline 0 -16"><span class='ocrx_word' id='word_1_209' title='bbox 206 2556 339 2611; x_wconf 76' lang='lat' dir='ltr'><strong>agros-m</strong></span> <span class='ocrx_word' id='word_1_210' title='bbox 373 2545 481 2591; x_wconf 89' lang='lat' dir='ltr'><strong>tractus</strong></span> <span class='ocrx_word' id='word_1_211' title='bbox 515 2538 672 2590; x_wconf 66' lang='lat' dir='ltr'><strong>dccesmates</strong></span> <span class='ocrx_word' id='word_1_212' title='bbox 706 2540 775 2608; x_wconf 77' lang='lat' dir='ltr'><strong>apri</strong></span> <span class='ocrx_word' id='word_1_213' title='bbox 815 2556 870 2592; x_wconf 88' lang='lat' dir='ltr'><strong>non</strong></span> <span class='ocrx_word' id='word_1_214' title='bbox 890 2540 928 2593; x_wconf 88' lang='lat' dir='ltr'><strong>ita</strong></span> <span class='ocrx_word' id='word_1_215' title='bbox 948 2538 1013 2592; x_wconf 83' lang='lat' dir='ltr'><strong>laxa</strong></span> <span class='ocrx_word' id='word_1_216' title='bbox 1035 2555 1069 2591; x_wconf 87' lang='lat' dir='ltr'><strong>ac</strong></span> <span class='ocrx_word' id='word_1_217' title='bbox 1093 2537 1230 2608; x_wconf 85' lang='lat' dir='ltr'><strong>palustria</strong></span> <span class='ocrx_word' id='word_1_218' title='bbox 1248 2546 1327 2609; x_wconf 84' lang='lat' dir='ltr'><strong>sunt,</strong></span> <span class='ocrx_word' id='word_1_219' title='bbox 1351 2550 1385 2595; x_wconf 87' lang='lat' dir='ltr'><strong>nt</strong></span> 
     </span>
     <span class='ocr_line' id='line_1_25' title="bbox 205 2614 1385 2686; baseline -0.001 -14"><span class='ocrx_word' id='word_1_220' title='bbox 205 2617 281 2672; x_wconf 85' lang='lat' dir='ltr'><strong>dicti.</strong></span> <span class='ocrx_word' id='word_1_221' title='bbox 318 2614 370 2671; x_wconf 85' lang='lat' dir='ltr'><strong>Siti</strong></span> <span class='ocrx_word' id='word_1_222' title='bbox 397 2622 491 2667; x_wconf 87' lang='lat' dir='ltr'><strong>autem</strong></span> <span class='ocrx_word' id='word_1_223' title='bbox 518 2614 611 2677; x_wconf 83' lang='lat' dir='ltr'><strong>fuere,</strong></span> <span class='ocrx_word' id='word_1_224' title='bbox 637 2623 772 2686; x_wconf 87' lang='lat' dir='ltr'><strong>qnantum</strong></span> <span class='ocrx_word' id='word_1_225' title='bbox 814 2623 924 2668; x_wconf 86' lang='lat' dir='ltr'><strong>ceterae</strong></span> <span class='ocrx_word' id='word_1_226' title='bbox 948 2614 1078 2684; x_wconf 82' lang='lat' dir='ltr'><strong>regiones</strong></span> <span class='ocrx_word' id='word_1_227' title='bbox 1097 2615 1280 2679; x_wconf 82' lang='lat' dir='ltr'><strong>Germaniae,</strong></span> <span class='ocrx_word' id='word_1_228' title='bbox 1300 2618 1385 2671; x_wconf 84' lang='lat' dir='ltr'><strong>sedas</strong></span> 
     </span>
     <span class='ocr_line' id='line_1_26' title="bbox 205 2688 1384 2763; baseline -0.003 -12"><span class='ocrx_word' id='word_1_229' title='bbox 205 2714 242 2751; x_wconf 88' lang='lat' dir='ltr'><strong>ex</strong></span> <span class='ocrx_word' id='word_1_230' title='bbox 252 2691 343 2747; x_wconf 82' lang='lat' dir='ltr'><strong>Taciti</strong></span> <span class='ocrx_word' id='word_1_231' title='bbox 359 2689 452 2744; x_wconf 85' lang='lat' dir='ltr'><strong>verbis</strong></span> <span class='ocrx_word' id='word_1_232' title='bbox 466 2688 683 2761; x_wconf 88' lang='lat' dir='ltr'><strong>coniicipotest,</strong></span> <span class='ocrx_word' id='word_1_233' title='bbox 699 2691 772 2747; x_wconf 88' lang='lat' dir='ltr'><strong>inter</strong></span> <span class='ocrx_word' id='word_1_234' title='bbox 815 2692 911 2746; x_wconf 70' lang='lat' dir='ltr'><strong>Chatti</strong></span> <span class='ocrx_word' id='word_1_235' title='bbox 935 2709 992 2745; x_wconf 81' lang='lat' dir='ltr'><strong>ooo</strong></span> <span class='ocrx_word' id='word_1_236' title='bbox 1017 2698 1125 2745; x_wconf 81' lang='lat' dir='ltr'><strong>mutant</strong></span> <span class='ocrx_word' id='word_1_237' title='bbox 1150 2694 1203 2745; x_wconf 83' lang='lat' dir='ltr'><strong>ssd</strong></span> <span class='ocrx_word' id='word_1_238' title='bbox 1228 2693 1259 2745; x_wconf 80' lang='lat' dir='ltr'><strong>sis</strong></span> <span class='ocrx_word' id='word_1_239' title='bbox 1281 2694 1384 2763; x_wconf 76' lang='lat' dir='ltr'><strong>patrio</strong></span> 
     </span>
     <span class='ocr_line' id='line_1_27' title="bbox 205 2766 1383 2837; baseline -0.003 -11"><span class='ocrx_word' id='word_1_240' title='bbox 205 2774 350 2836; x_wconf 81' lang='lat' dir='ltr'><strong>Rhenum,</strong></span> <span class='ocrx_word' id='word_1_241' title='bbox 367 2766 525 2821; x_wconf 84' lang='lat' dir='ltr'><strong>Danubium</strong></span> <span class='ocrx_word' id='word_1_242' title='bbox 543 2775 571 2821; x_wconf 88' lang='lat' dir='ltr'><strong>et</strong></span> <span class='ocrx_word' id='word_1_243' title='bbox 590 2766 717 2836; x_wconf 81' lang='lat' dir='ltr'><strong>Nicrum,</strong></span> <span class='ocrx_word' id='word_1_244' title='bbox 736 2788 770 2824; x_wconf 87' lang='lat' dir='ltr'><strong>ca</strong></span> <span class='ocrx_word' id='word_1_245' title='bbox 813 2768 874 2823; x_wconf 85' lang='lat' dir='ltr'><strong>sols</strong></span> <span class='ocrx_word' id='word_1_246' title='bbox 896 2776 1055 2821; x_wconf 78' lang='lat' dir='ltr'><strong>constanter</strong></span> <span class='ocrx_word' id='word_1_247' title='bbox 1070 2776 1245 2837; x_wconf 75' lang='lat' dir='ltr'><strong>permaneat.</strong></span> <span class='ocrx_word' id='word_1_248' title='bbox 1265 2798 1299 2809; x_wconf 93' lang='lat'><strong>·—</strong></span> <span class='ocrx_word' id='word_1_249' title='bbox 1330 2770 1383 2823; x_wconf 84' lang='lat' dir='ltr'><strong>Ni·</strong></span> 
     </span>
     <span class='ocr_line' id='line_1_28' title="bbox 204 2844 1384 2915; baseline 0.002 -15"><span class='ocrx_word' id='word_1_250' title='bbox 204 2846 554 2915; x_wconf 80' lang='lat' dir='ltr'><strong>Gsrmsniaepartc,qnse</strong></span> <span class='ocrx_word' id='word_1_251' title='bbox 567 2844 771 2900; x_wconf 85' lang='lat' dir='ltr'><strong>hodiaBaden-</strong></span> <span class='ocrx_word' id='word_1_252' title='bbox 813 2844 911 2899; x_wconf 86' lang='lat' dir='ltr'><strong>mirum</strong></span> <span class='ocrx_word' id='word_1_253' title='bbox 939 2844 1036 2899; x_wconf 88' lang='lat' dir='ltr'><strong>insitus</strong></span> <span class='ocrx_word' id='word_1_254' title='bbox 1064 2844 1171 2914; x_wconf 88' lang='lat' dir='ltr'><strong>patrias</strong></span> <span class='ocrx_word' id='word_1_255' title='bbox 1200 2846 1275 2901; x_wconf 83' lang='lat' dir='ltr'><strong>sedis</strong></span> <span class='ocrx_word' id='word_1_256' title='bbox 1303 2864 1384 2902; x_wconf 85' lang='lat' dir='ltr'><strong>amor</strong></span> 
     </span>
     <span class='ocr_line' id='line_1_29' title="bbox 204 2920 1384 2991; baseline -0.005 -8"><span class='ocrx_word' id='word_1_257' title='bbox 204 2927 241 2983; x_wconf 82' lang='lat' dir='ltr'><strong>sis</strong></span> <span class='ocrx_word' id='word_1_258' title='bbox 260 2920 548 2990; x_wconf 86' lang='lat' dir='ltr'><strong>etWiirtsnbergicae</strong></span> <span class='ocrx_word' id='word_1_259' title='bbox 569 2921 681 2974; x_wconf 87' lang='lat' dir='ltr'><strong>ditionis</strong></span> <span class='ocrx_word' id='word_1_260' title='bbox 699 2931 750 2979; x_wconf 88' lang='lat' dir='ltr'><strong>est.</strong></span> <span class='ocrx_word' id='word_1_261' title='bbox 811 2922 950 2978; x_wconf 85' lang='lat' dir='ltr'><strong>montanis</strong></span> <span class='ocrx_word' id='word_1_262' title='bbox 971 2920 1109 2991; x_wconf 88' lang='lat' dir='ltr'><strong>proprius.</strong></span> <span class='ocrx_word' id='word_1_263' title='bbox 1128 2950 1163 2963; x_wconf 89' lang='lat'><em>-</em></span> <span class='ocrx_word' id='word_1_264' title='bbox 1188 2922 1247 2977; x_wconf 90' lang='lat' dir='ltr'><strong>Iam</strong></span> <span class='ocrx_word' id='word_1_265' title='bbox 1270 2925 1306 2977; x_wconf 89' lang='lat' dir='ltr'><strong>de</strong></span> <span class='ocrx_word' id='word_1_266' title='bbox 1326 2923 1384 2979; x_wconf 88' lang='lat' dir='ltr'><strong>sin·</strong></span> 
     </span>
    </p>

    <p class='ocr_par' dir='ltr' id='par_1_5' title="bbox 202 2997 1381 3221">
     <span class='ocr_line' id='line_1_30' title="bbox 238 2997 1381 3069; baseline 0.001 -13"><span class='ocrx_word' id='word_1_267' title='bbox 238 3000 375 3066; x_wconf 64' lang='lat' dir='ltr'><strong>moreest]</strong></span> <span class='ocrx_word' id='word_1_268' title='bbox 396 2998 413 3051; x_wconf 84' lang='lat' dir='ltr'><strong>i.</strong></span> <span class='ocrx_word' id='word_1_269' title='bbox 426 3015 450 3052; x_wconf 91' lang='lat' dir='ltr'><strong>e.</strong></span> <span class='ocrx_word' id='word_1_270' title='bbox 465 2997 558 3051; x_wconf 76' lang='lat' dir='ltr'><strong>colunt</strong></span> <span class='ocrx_word' id='word_1_271' title='bbox 577 3015 612 3051; x_wconf 82' lang='lat' dir='ltr'><strong>ae</strong></span> <span class='ocrx_word' id='word_1_272' title='bbox 629 2999 770 3055; x_wconf 83' lang='lat' dir='ltr'><strong>laboriose</strong></span> <span class='ocrx_word' id='word_1_273' title='bbox 811 2998 885 3069; x_wconf 90' lang='lat' dir='ltr'><strong>gulis</strong></span> <span class='ocrx_word' id='word_1_274' title='bbox 899 2997 1057 3056; x_wconf 66' lang='lat' dir='ltr'><strong>meandum.</strong></span> <span class='ocrx_word' id='word_1_275' title='bbox 1081 2997 1204 3053; x_wconf 84' lang='lat' dir='ltr'><strong>Ablativi</strong></span> <span class='ocrx_word' id='word_1_276' title='bbox 1217 3001 1312 3069; x_wconf 66' lang='lat' dir='ltr'><strong>affinis</strong></span> <span class='ocrx_word' id='word_1_277' title='bbox 1326 3008 1381 3057; x_wconf 81' lang='lat' dir='ltr'><strong>etc.</strong></span> 
     </span>
     <span class='ocr_line' id='line_1_31' title="bbox 202 3072 1381 3146; baseline -0.002 -11"><span class='ocrx_word' id='word_1_278' title='bbox 202 3085 345 3145; x_wconf 71' lang='lat' dir='ltr'><strong>trostant5</strong></span> <span class='ocrx_word' id='word_1_279' title='bbox 363 3093 389 3130; x_wconf 81' lang='lat' dir='ltr'><strong>v.</strong></span> <span class='ocrx_word' id='word_1_280' title='bbox 402 3076 439 3127; x_wconf 89' lang='lat' dir='ltr'><strong>ad</strong></span> <span class='ocrx_word' id='word_1_281' title='bbox 454 3072 548 3142; x_wconf 83' lang='lat' dir='ltr'><strong>Agric.</strong></span> <span class='ocrx_word' id='word_1_282' title='bbox 560 3090 584 3128; x_wconf 89' lang='lat' dir='ltr'><strong>c.</strong></span> <span class='ocrx_word' id='word_1_283' title='bbox 598 3078 639 3139; x_wconf 86' lang='lat'><strong>31,</strong></span> <span class='ocrx_word' id='word_1_284' title='bbox 652 3079 675 3129; x_wconf 88' lang='lat'><strong>3.</strong></span> <span class='ocrx_word' id='word_1_285' title='bbox 694 3076 768 3131; x_wconf 78' lang='lat' dir='ltr'><strong>Anu.</strong></span> <span class='ocrx_word' id='word_1_286' title='bbox 810 3082 875 3129; x_wconf 90' lang='lat' dir='ltr'><strong>sunt</strong></span> <span class='ocrx_word' id='word_1_287' title='bbox 894 3074 1043 3143; x_wconf 85' lang='lat' dir='ltr'><strong>caussales,</strong></span> <span class='ocrx_word' id='word_1_288' title='bbox 1063 3074 1163 3145; x_wconf 89' lang='lat' dir='ltr'><strong>quihus</strong></span> <span class='ocrx_word' id='word_1_289' title='bbox 1176 3076 1285 3132; x_wconf 79' lang='lat' dir='ltr'><strong>durent</strong></span> <span class='ocrx_word' id='word_1_290' title='bbox 1299 3095 1381 3146; x_wconf 87' lang='lat' dir='ltr'><strong>prae·</strong></span> 
     </span>
     <span class='ocr_line' id='line_1_32' title="bbox 202 3150 1381 3221; baseline 0.002 -14"><span class='ocrx_word' id='word_1_291' title='bbox 202 3156 271 3219; x_wconf 85' lang='lat' dir='ltr'><strong>XII,</strong></span> <span class='ocrx_word' id='word_1_292' title='bbox 289 3160 331 3218; x_wconf 78' lang='lat'><strong>43,</strong></span> <span class='ocrx_word' id='word_1_293' title='bbox 350 3157 374 3207; x_wconf 86' lang='lat'><strong>3.</strong></span> <span class='ocrx_word' id='word_1_294' title='bbox 391 3150 472 3217; x_wconf 88' lang='lat' dir='ltr'><strong>XIII,</strong></span> <span class='ocrx_word' id='word_1_295' title='bbox 490 3156 532 3214; x_wconf 84' lang='lat'><strong>54,</strong></span> <span class='ocrx_word' id='word_1_296' title='bbox 552 3154 576 3205; x_wconf 79' lang='lat'><strong>2.</strong></span> <span class='ocrx_word' id='word_1_297' title='bbox 811 3150 935 3205; x_wconf 86' lang='lat' dir='ltr'><strong>dicatum</strong></span> <span class='ocrx_word' id='word_1_298' title='bbox 964 3151 1128 3220; x_wconf 75' lang='lat' dir='ltr'><strong>explicatur.</strong></span> <span class='ocrx_word' id='word_1_299' title='bbox 1152 3182 1187 3191; x_wconf 92' lang='lat'>-</span> <span class='ocrx_word' id='word_1_300' title='bbox 1222 3154 1381 3221; x_wconf 80' lang='lat' dir='ltr'><strong>Essusa</strong></span> 
     </span>
    </p>

    <p class='ocr_par' dir='ltr' id='par_1_6' title="bbox 198 3225 1381 3763">
     <span class='ocr_line' id='line_1_33' title="bbox 238 3225 1380 3300; baseline -0.002 -13"><span class='ocrx_word' id='word_1_301' title='bbox 238 3230 341 3287; x_wconf 79' lang='lat' dir='ltr'><strong>dubiae</strong></span> <span class='ocrx_word' id='word_1_302' title='bbox 352 3226 541 3300; x_wconf 76' lang='lat' dir='ltr'><strong>possessionis</strong></span> <span class='ocrx_word' id='word_1_303' title='bbox 554 3225 654 3295; x_wconf 77' lang='lat' dir='ltr'><strong>solorra]</strong></span> <span class='ocrx_word' id='word_1_304' title='bbox 670 3225 714 3280; x_wconf 89' lang='lat' dir='ltr'><strong>Its</strong></span> <span class='ocrx_word' id='word_1_305' title='bbox 726 3227 768 3282; x_wconf 89' lang='lat' dir='ltr'><strong>di·</strong></span> <span class='ocrx_word' id='word_1_306' title='bbox 810 3228 875 3285; x_wconf 82' lang='lat' dir='ltr'><strong>lora</strong></span> <span class='ocrx_word' id='word_1_307' title='bbox 894 3235 958 3281; x_wconf 89' lang='lat' dir='ltr'><strong>sunt</strong></span> <span class='ocrx_word' id='word_1_308' title='bbox 976 3228 1058 3295; x_wconf 69' lang='lat' dir='ltr'><strong>loona</strong></span> <span class='ocrx_word' id='word_1_309' title='bbox 1075 3227 1224 3298; x_wconf 55' lang='lat' dir='ltr'><strong>patenum</strong></span> <span class='ocrx_word' id='word_1_310' title='bbox 1251 3230 1286 3284; x_wconf 81' lang='lat' dir='ltr'><strong>cl.</strong></span> <span class='ocrx_word' id='word_1_311' title='bbox 1307 3229 1380 3285; x_wconf 84' lang='lat' dir='ltr'><strong>Veli.</strong></span> 
     </span>
     <span class='ocr_line' id='line_1_34' title="bbox 203 3302 1381 3375; baseline -0.005 -8"><span class='ocrx_word' id='word_1_312' title='bbox 203 3319 304 3367; x_wconf 90' lang='lat' dir='ltr'><strong>cuntur</strong></span> <span class='ocrx_word' id='word_1_313' title='bbox 328 3308 489 3361; x_wconf 84' lang='lat' dir='ltr'><strong>decumates</strong></span> <span class='ocrx_word' id='word_1_314' title='bbox 512 3302 590 3373; x_wconf 87' lang='lat' dir='ltr'><strong>agri,</strong></span> <span class='ocrx_word' id='word_1_315' title='bbox 619 3310 678 3357; x_wconf 89' lang='lat' dir='ltr'><strong>tum</strong></span> <span class='ocrx_word' id='word_1_316' title='bbox 701 3304 769 3375; x_wconf 88' lang='lat' dir='ltr'><strong>qnia</strong></span> <span class='ocrx_word' id='word_1_317' title='bbox 810 3303 1253 3371; x_wconf 70' lang='lat' dir='ltr'><strong>11,43‚1.Essostsssmom</strong></span> <span class='ocrx_word' id='word_1_318' title='bbox 1270 3306 1381 3361; x_wconf 80' lang='lat' dir='ltr'><strong>Adria·</strong></span> 
     </span>
     <span class='ocr_line' id='line_1_35' title="bbox 202 3379 1380 3452; baseline -0.002 -12"><span class='ocrx_word' id='word_1_319' title='bbox 202 3405 219 3444; x_wconf 81' lang='lat' dir='ltr'><strong>a</strong></span> <span class='ocrx_word' id='word_1_320' title='bbox 242 3383 391 3448; x_wconf 77' lang='lat' dir='ltr'><strong>Romanis,</strong></span> <span class='ocrx_word' id='word_1_321' title='bbox 418 3381 467 3452; x_wconf 86' lang='lat' dir='ltr'><strong>qni</strong></span> <span class='ocrx_word' id='word_1_322' title='bbox 491 3380 657 3435; x_wconf 89' lang='lat' dir='ltr'><strong>condicione</strong></span> <span class='ocrx_word' id='word_1_323' title='bbox 683 3383 768 3435; x_wconf 86' lang='lat' dir='ltr'><strong>decu·</strong></span> <span class='ocrx_word' id='word_1_324' title='bbox 809 3380 860 3433; x_wconf 78' lang='lat' dir='ltr'><strong>tici</strong></span> <span class='ocrx_word' id='word_1_325' title='bbox 881 3381 971 3434; x_wconf 66' lang='lat' dir='ltr'><strong>marsis</strong></span> <span class='ocrx_word' id='word_1_326' title='bbox 997 3380 1108 3435; x_wconf 60' lang='lat' dir='ltr'><strong>traiecti</strong></span> <span class='ocrx_word' id='word_1_327' title='bbox 1132 3379 1234 3437; x_wconf 60' lang='lat' dir='ltr'><strong>down.</strong></span> <span class='ocrx_word' id='word_1_328' title='bbox 1254 3413 1288 3423; x_wconf 92' lang='lat'>-</span> <span class='ocrx_word' id='word_1_329' title='bbox 1320 3385 1380 3438; x_wconf 83' lang='lat' dir='ltr'><strong>Pa·</strong></span> 
     </span>
     <span class='ocr_line' id='line_1_36' title="bbox 200 3456 1379 3531; baseline -0.006 -11"><span class='ocrx_word' id='word_1_330' title='bbox 200 3480 309 3520; x_wconf 88' lang='lat' dir='ltr'><strong>marum</strong></span> <span class='ocrx_word' id='word_1_331' title='bbox 326 3477 375 3514; x_wconf 85' lang='lat' dir='ltr'><strong>eos</strong></span> <span class='ocrx_word' id='word_1_332' title='bbox 390 3467 768 3530; x_wconf 84' lang='lat' dir='ltr'><strong>concesserant,rnrsnspo·</strong></span> <span class='ocrx_word' id='word_1_333' title='bbox 808 3457 924 3510; x_wconf 77' lang='lat' dir='ltr'><strong>lustrem</strong></span> <span class='ocrx_word' id='word_1_334' title='bbox 954 3456 1038 3511; x_wconf 77' lang='lat' dir='ltr'><strong>inisse</strong></span> <span class='ocrx_word' id='word_1_335' title='bbox 1069 3456 1262 3522; x_wconf 87' lang='lat' dir='ltr'><strong>Germaniam,</strong></span> <span class='ocrx_word' id='word_1_336' title='bbox 1294 3476 1379 3531; x_wconf 87' lang='lat' dir='ltr'><strong>supra</strong></span> 
     </span>
     <span class='ocr_line' id='line_1_37' title="bbox 200 3532 1379 3607; baseline -0.006 -10"><span class='ocrx_word' id='word_1_337' title='bbox 200 3548 293 3597; x_wconf 76' lang='lat' dir='ltr'><strong>teram</strong></span> <span class='ocrx_word' id='word_1_338' title='bbox 309 3535 403 3601; x_wconf 87' lang='lat' dir='ltr'><strong>adimi,</strong></span> <span class='ocrx_word' id='word_1_339' title='bbox 423 3543 482 3590; x_wconf 85' lang='lat' dir='ltr'><strong>tum</strong></span> <span class='ocrx_word' id='word_1_340' title='bbox 500 3534 565 3606; x_wconf 87' lang='lat' dir='ltr'><strong>qnia</strong></span> <span class='ocrx_word' id='word_1_341' title='bbox 577 3534 696 3589; x_wconf 85' lang='lat' dir='ltr'><strong>Romani</strong></span> <span class='ocrx_word' id='word_1_342' title='bbox 714 3534 767 3607; x_wconf 89' lang='lat' dir='ltr'><strong>ipsi</strong></span> <span class='ocrx_word' id='word_1_343' title='bbox 809 3533 864 3587; x_wconf 90' lang='lat' dir='ltr'><strong>ism</strong></span> <span class='ocrx_word' id='word_1_344' title='bbox 874 3532 978 3586; x_wconf 91' lang='lat' dir='ltr'><strong>dictum</strong></span> <span class='ocrx_word' id='word_1_345' title='bbox 991 3533 1379 3603; x_wconf 82' lang='lat' dir='ltr'><strong>c.5,1.paludibusfoeda.-</strong></span> 
     </span>
     <span class='ocr_line' id='line_1_38' title="bbox 199 3610 1377 3684; baseline -0.003 -14"><span class='ocrx_word' id='word_1_346' title='bbox 199 3637 258 3675; x_wconf 78' lang='lat' dir='ltr'><strong>non</strong></span> <span class='ocrx_word' id='word_1_347' title='bbox 278 3614 344 3671; x_wconf 87' lang='lat' dir='ltr'><strong>satis</strong></span> <span class='ocrx_word' id='word_1_348' title='bbox 361 3612 430 3669; x_wconf 86' lang='lat' dir='ltr'><strong>certi</strong></span> <span class='ocrx_word' id='word_1_349' title='bbox 451 3611 554 3666; x_wconf 89' lang='lat' dir='ltr'><strong>domini</strong></span> <span class='ocrx_word' id='word_1_350' title='bbox 573 3619 666 3680; x_wconf 85' lang='lat' dir='ltr'><strong>erant,</strong></span> <span class='ocrx_word' id='word_1_351' title='bbox 686 3612 768 3669; x_wconf 91' lang='lat' dir='ltr'><strong>omis-</strong></span> <span class='ocrx_word' id='word_1_352' title='bbox 810 3610 856 3662; x_wconf 89' lang='lat' dir='ltr'><strong>Ad</strong></span> <span class='ocrx_word' id='word_1_353' title='bbox 877 3612 963 3663; x_wconf 80' lang='lat' dir='ltr'><strong>verba</strong></span> <span class='ocrx_word' id='word_1_354' title='bbox 988 3617 1018 3663; x_wconf 85' lang='lat' dir='ltr'><strong>ut</strong></span> <span class='ocrx_word' id='word_1_355' title='bbox 1037 3619 1143 3664; x_wconf 81' lang='lat' dir='ltr'><strong>cataras</strong></span> <span class='ocrx_word' id='word_1_356' title='bbox 1163 3610 1289 3665; x_wconf 68' lang='lat' dir='ltr'><strong>deitates</strong></span> <span class='ocrx_word' id='word_1_357' title='bbox 1311 3630 1377 3684; x_wconf 89' lang='lat' dir='ltr'><strong>snp-</strong></span> 
     </span>
     <span class='ocr_line' id='line_1_39' title="bbox 198 3686 1379 3763; baseline -0.007 -11"><span class='ocrx_word' id='word_1_358' title='bbox 198 3695 272 3763; x_wconf 84' lang='lat' dir='ltr'><strong>suri,</strong></span> <span class='ocrx_word' id='word_1_359' title='bbox 292 3692 316 3747; x_wconf 91' lang='lat' dir='ltr'><strong>si</strong></span> <span class='ocrx_word' id='word_1_360' title='bbox 333 3694 425 3747; x_wconf 86' lang='lat' dir='ltr'><strong>hostes</strong></span> <span class='ocrx_word' id='word_1_361' title='bbox 443 3689 534 3743; x_wconf 87' lang='lat' dir='ltr'><strong>acrius</strong></span> <span class='ocrx_word' id='word_1_362' title='bbox 554 3686 698 3743; x_wconf 84' lang='lat' dir='ltr'><strong>instarent.</strong></span> <span class='ocrx_word' id='word_1_363' title='bbox 809 3686 942 3756; x_wconf 90' lang='lat' dir='ltr'><strong>plendum</strong></span> <span class='ocrx_word' id='word_1_364' title='bbox 960 3695 1043 3753; x_wconf 59' lang='lat' dir='ltr'><strong>surm</strong></span> <span class='ocrx_word' id='word_1_365' title='bbox 1069 3686 1194 3741; x_wconf 68' lang='lat' dir='ltr'><strong>deitates</strong></span> <span class='ocrx_word' id='word_1_366' title='bbox 1219 3696 1312 3743; x_wconf 89' lang='lat' dir='ltr'><strong>antem</strong></span> <span class='ocrx_word' id='word_1_367' title='bbox 1331 3689 1379 3745; x_wconf 90' lang='lat' dir='ltr'><strong>hic</strong></span> 
     </span>
    </p>

    <p class='ocr_par' dir='ltr' id='par_1_7' title="bbox 199 3762 1378 4373">
     <span class='ocr_line' id='line_1_40' title="bbox 236 3762 1377 3836; baseline -0.004 -10"><span class='ocrx_word' id='word_1_368' title='bbox 236 3772 325 3827; x_wconf 79' lang='lat' dir='ltr'><strong>limite</strong></span> <span class='ocrx_word' id='word_1_369' title='bbox 343 3768 418 3836; x_wconf 84' lang='lat' dir='ltr'><strong>aeto]</strong></span> <span class='ocrx_word' id='word_1_370' title='bbox 442 3766 537 3819; x_wconf 83' lang='lat' dir='ltr'><strong>Limes</strong></span> <span class='ocrx_word' id='word_1_371' title='bbox 559 3770 597 3835; x_wconf 83' lang='lat' dir='ltr'><strong>(v.</strong></span> <span class='ocrx_word' id='word_1_372' title='bbox 616 3766 653 3817; x_wconf 90' lang='lat' dir='ltr'><strong>ad</strong></span> <span class='ocrx_word' id='word_1_373' title='bbox 672 3764 767 3833; x_wconf 71' lang='lat' dir='ltr'><strong>agric.</strong></span> <span class='ocrx_word' id='word_1_374' title='bbox 808 3763 874 3817; x_wconf 85' lang='lat' dir='ltr'><strong>loca</strong></span> <span class='ocrx_word' id='word_1_375' title='bbox 890 3781 946 3816; x_wconf 92' lang='lat' dir='ltr'><strong>nou</strong></span> <span class='ocrx_word' id='word_1_376' title='bbox 964 3762 1087 3816; x_wconf 79' lang='lat' dir='ltr'><strong>homines</strong></span> <span class='ocrx_word' id='word_1_377' title='bbox 1104 3763 1261 3833; x_wconf 86' lang='lat' dir='ltr'><strong>designant.</strong></span> <span class='ocrx_word' id='word_1_378' title='bbox 1289 3765 1377 3821; x_wconf 90' lang='lat' dir='ltr'><strong>Deni-</strong></span> 
     </span>
     <span class='ocr_line' id='line_1_41' title="bbox 201 3838 1377 3917; baseline -0.009 -10"><span class='ocrx_word' id='word_1_379' title='bbox 201 3868 226 3906; x_wconf 89' lang='lat' dir='ltr'><strong>c.</strong></span> <span class='ocrx_word' id='word_1_380' title='bbox 245 3856 287 3917; x_wconf 81' lang='lat'><strong>41,</strong></span> <span class='ocrx_word' id='word_1_381' title='bbox 304 3851 342 3913; x_wconf 84' lang='lat'><strong>2.)</strong></span> <span class='ocrx_word' id='word_1_382' title='bbox 361 3848 389 3901; x_wconf 84' lang='lat' dir='ltr'><strong>h.</strong></span> <span class='ocrx_word' id='word_1_383' title='bbox 405 3846 424 3899; x_wconf 90' lang='lat' dir='ltr'><strong>I.</strong></span> <span class='ocrx_word' id='word_1_384' title='bbox 443 3852 486 3898; x_wconf 88' lang='lat' dir='ltr'><strong>est</strong></span> <span class='ocrx_word' id='word_1_385' title='bbox 502 3842 601 3913; x_wconf 84' lang='lat' dir='ltr'><strong>ingens</strong></span> <span class='ocrx_word' id='word_1_386' title='bbox 620 3841 688 3896; x_wconf 89' lang='lat' dir='ltr'><strong>illud</strong></span> <span class='ocrx_word' id='word_1_387' title='bbox 707 3844 766 3897; x_wconf 81' lang='lat' dir='ltr'><strong>val·</strong></span> <span class='ocrx_word' id='word_1_388' title='bbox 809 3856 864 3909; x_wconf 90' lang='lat' dir='ltr'><strong>que</strong></span> <span class='ocrx_word' id='word_1_389' title='bbox 883 3841 1004 3907; x_wconf 81' lang='lat' dir='ltr'><strong>durare,</strong></span> <span class='ocrx_word' id='word_1_390' title='bbox 1029 3838 1159 3909; x_wconf 86' lang='lat' dir='ltr'><strong>qnoniam</strong></span> <span class='ocrx_word' id='word_1_391' title='bbox 1181 3840 1227 3895; x_wconf 90' lang='lat' dir='ltr'><strong>hie</strong></span> <span class='ocrx_word' id='word_1_392' title='bbox 1252 3844 1288 3896; x_wconf 91' lang='lat' dir='ltr'><strong>de</strong></span> <span class='ocrx_word' id='word_1_393' title='bbox 1308 3860 1377 3912; x_wconf 89' lang='lat' dir='ltr'><strong>gen·</strong></span> 
     </span>
     <span class='ocr_line' id='line_1_42' title="bbox 200 3915 1378 3990; baseline -0.005 -9"><span class='ocrx_word' id='word_1_394' title='bbox 200 3926 267 3990; x_wconf 83' lang='lat' dir='ltr'><strong>lum,</strong></span> <span class='ocrx_word' id='word_1_395' title='bbox 280 3923 386 3979; x_wconf 88' lang='lat' dir='ltr'><strong>crebris</strong></span> <span class='ocrx_word' id='word_1_396' title='bbox 399 3919 520 3976; x_wconf 88' lang='lat' dir='ltr'><strong>castellis</strong></span> <span class='ocrx_word' id='word_1_397' title='bbox 532 3917 676 3983; x_wconf 89' lang='lat' dir='ltr'><strong>munitum,</strong></span> <span class='ocrx_word' id='word_1_398' title='bbox 688 3922 766 3989; x_wconf 90' lang='lat' dir='ltr'><strong>qnod</strong></span> <span class='ocrx_word' id='word_1_399' title='bbox 808 3915 876 3970; x_wconf 88' lang='lat' dir='ltr'><strong>tium</strong></span> <span class='ocrx_word' id='word_1_400' title='bbox 895 3915 1006 3969; x_wconf 89' lang='lat' dir='ltr'><strong>sedibus</strong></span> <span class='ocrx_word' id='word_1_401' title='bbox 1023 3916 1123 3986; x_wconf 91' lang='lat' dir='ltr'><strong>agitur,</strong></span> <span class='ocrx_word' id='word_1_402' title='bbox 1138 3915 1277 3986; x_wconf 85' lang='lat' dir='ltr'><strong>significat</strong></span> <span class='ocrx_word' id='word_1_403' title='bbox 1294 3921 1378 3975; x_wconf 82' lang='lat' dir='ltr'><strong>nulla</strong></span> 
     </span>
     <span class='ocr_line' id='line_1_43' title="bbox 199 3992 1378 4067; baseline -0.004 -10"><span class='ocrx_word' id='word_1_404' title='bbox 199 4002 381 4058; x_wconf 78' lang='lat' dir='ltr'><strong>adsreendas</strong></span> <span class='ocrx_word' id='word_1_405' title='bbox 391 3998 509 4052; x_wconf 83' lang='lat' dir='ltr'><strong>hostiurn</strong></span> <span class='ocrx_word' id='word_1_406' title='bbox 522 3995 691 4065; x_wconf 84' lang='lat' dir='ltr'><strong>irruptiones</strong></span> <span class='ocrx_word' id='word_1_407' title='bbox 700 3995 766 4051; x_wconf 83' lang='lat' dir='ltr'><strong>iude</strong></span> <span class='ocrx_word' id='word_1_408' title='bbox 806 3992 954 4061; x_wconf 73' lang='lat' dir='ltr'><strong>migrandi</strong></span> <span class='ocrx_word' id='word_1_409' title='bbox 970 3992 1102 4063; x_wconf 65' lang='lat' dir='ltr'><strong>crepidine</strong></span> <span class='ocrx_word' id='word_1_410' title='bbox 1119 3994 1216 4062; x_wconf 80' lang='lat' dir='ltr'><strong>teneri,</strong></span> <span class='ocrx_word' id='word_1_411' title='bbox 1235 3998 1289 4049; x_wconf 83' lang='lat' dir='ltr'><strong>ssd</strong></span> <span class='ocrx_word' id='word_1_412' title='bbox 1299 3998 1378 4067; x_wconf 76' lang='lat' dir='ltr'><strong>fiaes</strong></span> 
     </span>
     <span class='ocr_line' id='line_1_44' title="bbox 199 4069 1268 4145; baseline -0.007 -12"><span class='ocrx_word' id='word_1_413' title='bbox 199 4096 217 4133; x_wconf 84' lang='lat' dir='ltr'><strong>a</strong></span> <span class='ocrx_word' id='word_1_414' title='bbox 238 4079 338 4132; x_wconf 83' lang='lat' dir='ltr'><strong>Rheno</strong></span> <span class='ocrx_word' id='word_1_415' title='bbox 361 4092 449 4145; x_wconf 85' lang='lat' dir='ltr'><strong>usqne</strong></span> <span class='ocrx_word' id='word_1_416' title='bbox 468 4074 505 4126; x_wconf 88' lang='lat' dir='ltr'><strong>sd</strong></span> <span class='ocrx_word' id='word_1_417' title='bbox 521 4072 683 4126; x_wconf 89' lang='lat' dir='ltr'><strong>Danubium</strong></span> <span class='ocrx_word' id='word_1_418' title='bbox 701 4091 765 4143; x_wconf 89' lang='lat' dir='ltr'><strong>per·</strong></span> <span class='ocrx_word' id='word_1_419' title='bbox 806 4076 889 4139; x_wconf 63' lang='lat' dir='ltr'><strong>morra</strong></span> <span class='ocrx_word' id='word_1_420' title='bbox 907 4069 1022 4123; x_wconf 80' lang='lat' dir='ltr'><strong>stabiles</strong></span> <span class='ocrx_word' id='word_1_421' title='bbox 1038 4071 1118 4123; x_wconf 84' lang='lat' dir='ltr'><strong>sedes</strong></span> <span class='ocrx_word' id='word_1_422' title='bbox 1136 4070 1268 4126; x_wconf 80' lang='lat' dir='ltr'><strong>incolere.</strong></span> 
     </span>
     <span class='ocr_line' id='line_1_45' title="bbox 199 4145 1375 4216; baseline -0.004 -6"><span class='ocrx_word' id='word_1_423' title='bbox 199 4155 315 4210; x_wconf 73' lang='lat' dir='ltr'><strong>sinebat</strong></span> <span class='ocrx_word' id='word_1_424' title='bbox 333 4183 367 4196; x_wconf 91' lang='lat'><em>-</em></span> <span class='ocrx_word' id='word_1_425' title='bbox 387 4150 517 4206; x_wconf 77' lang='lat' dir='ltr'><strong>Limitem</strong></span> <span class='ocrx_word' id='word_1_426' title='bbox 534 4164 639 4216; x_wconf 76' lang='lat' dir='ltr'><strong>apere</strong></span> <span class='ocrx_word' id='word_1_427' title='bbox 657 4156 699 4203; x_wconf 86' lang='lat' dir='ltr'><strong>est</strong></span> <span class='ocrx_word' id='word_1_428' title='bbox 709 4151 764 4214; x_wconf 86' lang='lat' dir='ltr'><strong>fa·</strong></span> <span class='ocrx_word' id='word_1_429' title='bbox 840 4146 979 4215; x_wconf 57' lang='lat' dir='ltr'><strong>swidero</strong></span> <span class='ocrx_word' id='word_1_430' title='bbox 988 4146 1072 4199; x_wconf 82' lang='lat' dir='ltr'><strong>collas</strong></span> <span class='ocrx_word' id='word_1_431' title='bbox 1081 4146 1143 4215; x_wconf 80' lang='lat' dir='ltr'><strong>ete]</strong></span> <span class='ocrx_word' id='word_1_432' title='bbox 1155 4145 1249 4209; x_wconf 84' lang='lat' dir='ltr'><strong>Quum</strong></span> <span class='ocrx_word' id='word_1_433' title='bbox 1258 4148 1287 4203; x_wconf 88' lang='lat' dir='ltr'><strong>in</strong></span> <span class='ocrx_word' id='word_1_434' title='bbox 1297 4157 1375 4205; x_wconf 84' lang='lat' dir='ltr'><strong>aute-</strong></span> 
     </span>
     <span class='ocr_line' id='line_1_46' title="bbox 199 4221 1374 4297; baseline -0.004 -12"><span class='ocrx_word' id='word_1_435' title='bbox 199 4247 270 4297; x_wconf 82' lang='lat' dir='ltr'><strong>cers,</strong></span> <span class='ocrx_word' id='word_1_436' title='bbox 288 4228 440 4292; x_wconf 79' lang='lat' dir='ltr'><strong>instituere,</strong></span> <span class='ocrx_word' id='word_1_437' title='bbox 458 4223 625 4296; x_wconf 86' lang='lat' dir='ltr'><strong>quislirnes,</strong></span> <span class='ocrx_word' id='word_1_438' title='bbox 643 4226 710 4278; x_wconf 86' lang='lat' dir='ltr'><strong>dum</strong></span> <span class='ocrx_word' id='word_1_439' title='bbox 727 4226 764 4292; x_wconf 86' lang='lat' dir='ltr'><strong>iit,</strong></span> <span class='ocrx_word' id='word_1_440' title='bbox 807 4221 971 4277; x_wconf 79' lang='lat' dir='ltr'><strong>cedentibus</strong></span> <span class='ocrx_word' id='word_1_441' title='bbox 992 4221 1106 4277; x_wconf 86' lang='lat' dir='ltr'><strong>Tacitus</strong></span> <span class='ocrx_word' id='word_1_442' title='bbox 1129 4222 1261 4291; x_wconf 86' lang='lat' dir='ltr'><strong>dixisset,</strong></span> <span class='ocrx_word' id='word_1_443' title='bbox 1290 4225 1374 4281; x_wconf 83' lang='lat' dir='ltr'><strong>Chat·</strong></span> 
     </span>
     <span class='ocr_line' id='line_1_47' title="bbox 199 4298 1375 4373; baseline -0.002 -14"><span class='ocrx_word' id='word_1_444' title='bbox 199 4308 230 4363; x_wconf 80' lang='lat' dir='ltr'><strong>in</strong></span> <span class='ocrx_word' id='word_1_445' title='bbox 248 4302 451 4373; x_wconf 78' lang='lat' dir='ltr'><strong>longitudinem</strong></span> <span class='ocrx_word' id='word_1_446' title='bbox 469 4302 653 4372; x_wconf 83' lang='lat' dir='ltr'><strong>protenditur.</strong></span> <span class='ocrx_word' id='word_1_447' title='bbox 805 4307 897 4353; x_wconf 85' lang='lat' dir='ltr'><strong>torum</strong></span> <span class='ocrx_word' id='word_1_448' title='bbox 920 4306 997 4353; x_wconf 87' lang='lat' dir='ltr'><strong>terra</strong></span> <span class='ocrx_word' id='word_1_449' title='bbox 1018 4298 1108 4369; x_wconf 86' lang='lat' dir='ltr'><strong>qualis</strong></span> <span class='ocrx_word' id='word_1_450' title='bbox 1134 4316 1192 4353; x_wconf 81' lang='lat' dir='ltr'><strong>nors</strong></span> <span class='ocrx_word' id='word_1_451' title='bbox 1211 4310 1296 4370; x_wconf 67' lang='lat' dir='ltr'><strong>essa,</strong></span> <span class='ocrx_word' id='word_1_452' title='bbox 1320 4303 1375 4357; x_wconf 81' lang='lat' dir='ltr'><strong>iarn</strong></span> 
     </span>
    </p>
   </div>
   <div class='ocr_carea' id='block_1_4' title="bbox 234 4372 1376 4455">
    <p class='ocr_par' dir='ltr' id='par_1_8' title="bbox 234 4372 1376 4455">
     <span class='ocr_line' id='line_1_48' title="bbox 234 4372 1376 4455; baseline 0.004 -22"><span class='ocrx_word' id='word_1_453' title='bbox 234 4382 312 4449; x_wconf 62' lang='lat' dir='ltr'><em>W</em></span> <span class='ocrx_word' id='word_1_454' title='bbox 329 4379 451 4455; x_wconf 60' lang='lat' dir='ltr'><strong>megara]</strong></span> <span class='ocrx_word' id='word_1_455' title='bbox 471 4394 498 4437; x_wconf 81' lang='lat' dir='ltr'><strong>v.</strong></span> <span class='ocrx_word' id='word_1_456' title='bbox 515 4378 553 4435; x_wconf 85' lang='lat' dir='ltr'><strong>ad</strong></span> <span class='ocrx_word' id='word_1_457' title='bbox 570 4394 595 4437; x_wconf 79' lang='lat' dir='ltr'><strong>c.</strong></span> <span class='ocrx_word' id='word_1_458' title='bbox 614 4382 637 4446; x_wconf 88' lang='grc'><strong>1,</strong></span> <span class='ocrx_word' id='word_1_459' title='bbox 656 4382 680 4436; x_wconf 81' lang='lat' dir='ltr'><strong>l·</strong></span> <span class='ocrx_word' id='word_1_460' title='bbox 805 4372 875 4433; x_wconf 82' lang='lat' dir='ltr'><strong>dicit</strong></span> <span class='ocrx_word' id='word_1_461' title='bbox 903 4374 994 4450; x_wconf 86' lang='lat' dir='ltr'><strong>qualis</strong></span> <span class='ocrx_word' id='word_1_462' title='bbox 1026 4376 1077 4449; x_wconf 82' lang='lat' dir='ltr'><strong>sit,</strong></span> <span class='ocrx_word' id='word_1_463' title='bbox 1110 4374 1215 4453; x_wconf 87' lang='lat' dir='ltr'><strong>qnippe</strong></span> <span class='ocrx_word' id='word_1_464' title='bbox 1249 4381 1376 4445; x_wconf 64' lang='lat' dir='ltr'><strong>adhaesa</strong></span> 
     </span>
    </p>
   </div>
   <div class='ocr_carea' id='block_1_5' title="bbox 0 0 1538 4867">
    <p class='ocr_par' dir='ltr' id='par_1_9' title="bbox 0 0 1538 4867">
     <span class='ocr_line' id='line_1_49' title="bbox 0 0 1538 4867; baseline 0 5"><span class='ocrx_word' id='word_1_465' title='bbox 0 0 1538 4867; x_wconf 95' lang='lat' dir='ltr'><strong> </strong></span> 
     </span>
    </p>
   </div>
  </div>
 </body>
</html>
