3067 4867
214 384 257 463 32
627 380 812 436 conuenu
833 380 966 437 neom

196 565 248 629 ,et
264 556 424 631 sinceram
439 564 471 619 et
487 563 615 638 tantum*
629 554 679 619 sui
697 554 833 624 similem
849 564 979 645 gentem
995 553 1159 622 exstitisse
1177 552 1383 622 arbitrantur.

214 666 314 734 Unde
335 665 464 736 habitus
483 658 616 752 quoque
636 688 820 753 corporum,
841 688 1036 752 quamquam
1057 666 1091 731 in
1107 673 1198 731 tanto
1218 664 1384 731 hominum

214 798 359 854 numero,
381 776 469 841 idem
484 776 651 858 omnibus;
673 758 779 851 truces
796 787 828 842 et
844 777 984 844 caerulei
1001 776 1100 854 oculi,
1122 776 1239 841 rutilae
1260 793 1411 853 conseer

214 910 335 974 magna
357 909 495 979 corpora
521 899 552 953 et
580 898 706 972 tantum
728 888 772 954 ad
800 888 956 975 impetum
984 870 1112 965 velida3
1141 885 1263 955 laboris
1286 894 1386 971 atque

215 1021 352 1087 operum
383 1020 450 1063 non
483 980 598 1071 eadem
630 998 807 1086 patientia3
846 998 1043 1085 minimeque
1075 998 1161 1073 sitim
1177 980 1180 985 Δ
1194 1008 1386 1083 aestumque

215 1110 363 1189 tolerare,
388 1108 511 1201 frigora
530 1119 627 1195 atquo
648 1109 792 1204 inediam
814 1109 905 1175 coelo
928 1104 1039 1176 solove
1061 1117 1241 1175 assuerunt.

300 1222 342 1289 V.
386 1218 505 1300 Terra,
539 1220 600 1286 etsi
620 1204 796 1306 „aliquanto
830 1219 940 1307 specie
973 1219 1095 1299 differt,
1132 1220 1166 1284 in
1198 1217 1387 1283 universum

215 1342 324 1397 tumen
352 1340 408 1395 aut
429 1330 521 1396 'silvis
547 1330 680 1421 horrida
703 1340 764 1395 aaut
789 1330 965 1418 paludibus
991 1330 1105 1416 foscia,
1136 1328 1300 1395 humidior
1321 1351 1388 1414 qua

216 1442 356 1518 Gellius,
383 1443 548 1507 ventosior
576 1464 642 1527 qua
665 1441 821 1507 Noricum
851 1462 889 1507 ac
910 1441 1114 1539 Pannoniam
1143 1440 1278 1526 aspicit,
1306 1439 1414 1521 satist

215 1653 360 1719 prosatos3
375 1644 539 1717 inficienim
552 1645 781 1699 dicunturbosue
822 1644 869 1699 Ad
895 1661 930 1699 ea
958 1643 1116 1713 pertinebat
1149 1651 1239 1699 castra
1269 1642 1389 1709 munire,

216 1735 322 1779 tantum
336 1742 392 1788 res,
405 1722 505 1793 quibus
519 1723 613 1777 molae
627 1722 785 1777 admiscen—¹
822 1723 927 1777 fossam
947 1728 1031 1791 utque
1049 1740 1157 1777 murum
1176 1722 1283 1789 facere,
1304 1739 1391 1791 agge-

215 1812 269 1872 tnr,
291 1818 468 1872 aequavero
486 1800 591 1869 mulae,
616 1800 716 1871 quibus
734 1801 780 1853 bo·
822 1817 880 1855 rem
898 1798 1005 1863 iecere,
1029 1806 1121 1853 turres
1140 1800 1277 1864 excitare,
1301 1806 1390 1853 mate·

215 1896 269 1935 aaa
288 1881 436 1934 adduntur.
670 1934 677 1952 ,
821 1876 890 1931 riom
904 1878 1031 1941 euadere,
1042 1876 1160 1947 paludes
1173 1876 1306 1945 emunire,
1316 1892 1391 1947 quae

249 1957 297 2011 eas‘
323 1956 451 2024 amium]
486 1954 642 2025 Respicere
670 1953 780 2009 videtur
822 1954 915 2009 omnia
932 1954 1031 2008 summi
1051 1963 1131 2007 erant
1149 1954 1262 2009 laboris.

215 2032 327 2088 Tacitus
345 2036 380 2087 ad
397 2031 557 2099 Britannos,
575 2032 610 2085 de
630 2030 730 2101 quibus
750 2032 779 2085 in
856 2048 912 2085 uon
924 2032 1022 2085 eodem
1029 2032 1179 2101 patieutis]
1195 2050 1220 2087 v.
1233 2033 1269 2085 ad
1284 2048 1307 2085 o.
1313 2037 1356 2097 26,
1364 2036 1390 2088 4.

215 2109 350 2180 Agricola
368 2127 391 2165 o.
409 2115 449 2165 11.
465 2110 552 2163 tradit
569 2125 666 2162 eorum
684 2108 780 2163 simili·
823 2109 954 2167 Ceterum
971 2110 1071 2181 supple
1089 2108 1127 2163 iis
1143 2117 1191 2163 eet.

215 2186 313 2241 tudine
325 2203 388 2241 oum
401 2186 556 2251 Germanis,
568 2185 666 2252 Gallis,
678 2186 780 2257 Hispa·
856 2187 987 2256 tolerare]
1010 2188 1057 2241 Ad
1075 2188 1149 2241 buno
1167 2184 1335 2241 infinitivum
1353 2202 1390 2240 ex

215 2265 257 2319 nis
274 2263 394 2318 alienam
412 2263 547 2333 originem
566 2264 653 2333 argui.
822 2264 1001 2335 sequentibus
1032 2266 1197 2318 trahendum
1229 2272 1391 2331 mearunt,

249 2341 370 2410 hubitm]
394 2339 412 2396 i.
430 2358 454 2397 e.
472 2348 589 2395 externa
610 2340 717 2413 species
740 2342 780 2410 (d.
823 2344 859 2397 ad
883 2343 937 2397 hoo
963 2347 1054 2397 autem
1078 2359 1174 2395 rursus
1201 2341 1390 2412 supplendum

215 2419 379 2485 Ammon
399 2418 434 2475 cf.
453 2435 476 2473 c.
495 2423 575 2481 46,1.
594 2418 689 2488 Agrio.
702 2424 743 2483 11,
755 2424 780 2473 2.
821 2420 952 2475 tolerare.
990 2418 1144 2489 Utriusque
1162 2418 1299 2473 enuntiati
1316 2417 1389 2473 ratio

250 2496 599 2565 quamquam-numero]
617 2496 636 2551 i.
648 2514 673 2551 e.
685 2514 781 2567 quam·
823 2505 866 2552 est
894 2497 1090 2562 adversativa3
1125 2514 1212 2567 quare
1241 2498 1295 2551 secl
1324 2504 1390 2551 unte

215 2590 299 2645 quum
316 2579 409 2628 tantus
422 2580 465 2627 est
481 2591 576 2628 eorum
591 2591 734 2638 numerus,
751 2580 785 2627 ut.
814 2574 937 2643 frigora
960 2574 1129 2645 cogitatione
1150 2576 1320 2631 addendum.
1354 2575 1391 2630 of.

214 2652 269 2705 hoc
280 2647 379 2704 mirum
391 2650 525 2705 videatur.
543 2652 613 2705 Nam
623 2670 679 2722 quo
691 2650 782 2707 maior
823 2669 845 2707 c.
856 2656 899 2717 38,
911 2658 937 2707 4.
955 2653 1052 2723 Neque
1065 2652 1137 2706 euius
1149 2660 1180 2705 ut
1192 2659 1285 2706 emeat
1297 2668 1390 2707 umen·

215 2744 357 2792 numerus,
376 2744 411 2781 eo
428 2728 539 2783 facilior
556 2728 710 2785 diversitas.
822 2736 907 2794 tusae,
919 2759 953 2771 -
965 2730 996 2785 e'a
1012 2729 1187 2785 altitudinem
1202 2731 1347 2801 quandam
1365 2737 1392 2783 et

159 2850 162 2857 1
250 2811 274 2863 2.
293 2806 398 2860 mailoc
414 2806 519 2875 comae]
541 2807 575 2861 ct.
590 2806 685 2877 Agris.
700 2812 740 2871 11,
753 2811 779 2861 2.
824 2814 972 2878 terrorem,
995 2807 1105 2861 actuari
1126 2806 1215 2873 bellu,
1237 2802 1392 2877 complicet

248 2901 354 2952 muoso
370 2884 501 2953 comosa]
521 2884 557 2939 of.
569 2890 645 2950 alt),
659 2890 682 2939 1.
699 2884 783 2938 Nudi
822 2884 941 2939 hosfium
958 2884 1055 2951 oculis,
1075 2891 1219 2938 mouetur.
1242 2890 1266 2949 6,
1287 2891 1311 2941 4.
1332 2885 1393 2939 Sed

215 2980 251 3020 aa
268 2961 384 3015 sordidi
399 2960 430 3013 iu
448 2960 500 3013 lsos
518 2970 621 3035 unse,
638 2962 675 3015 irs
691 2962 781 3016 llaec
823 2964 1074 3031 uec-docentum
1091 2962 1123 3015 a'a
1136 2969 1390 3032 rectum—opust.

215 3056 385 3109 corpora,
407 3054 497 3107 quae
520 3039 711 3106 miramur,
736 3055 781 3093 ea·
857 3038 934 3093 coelo
944 3038 1047 3108 solove]
1058 3038 1138 3093 Prius
1148 3039 1392 3110 vocabulumper-

215 3123 348 3171 crescunt.
824 3116 895 3172 tinet
915 3118 951 3169 ad
966 3117 1102 3185 friporu,
1127 3116 1266 3188 posteriue
1288 3119 1325 3172 ad
1348 3118 1392 3172 iu·

250 3196 292 3249 od
310 3194 441 3265 imputem
457 3192 571 3260 ualida]
596 3191 633 3245 cf.
654 3190 726 3247 Anu.
742 3190 781 3256 11,
824 3193 926 3248 edium
943 3193 989 3247 lte
1001 3192 1087 3262 igitur
1101 3203 1212 3249 constat
1224 3194 1391 3251 disiunctiva

217 3280 258 3339 14,
270 3278 294 3329 3.
306 3270 538 3341 (Germanorum)
554 3287 656 3339 corpus
674 3276 704 3322 ut
720 3269 782 3323 visa
822 3288 855 3325 ee
871 3271 1026 3341 particulae
1044 3270 1100 3335 ris,
1121 3279 1153 3325 ut
1173 3272 1221 3327 eit:
1240 3283 1330 3343 prom
1347 3276 1393 3329 vel

214 3360 322 3407 toruum
343 3357 369 3403 et
392 3350 446 3404 od.
463 3349 596 3403 breuem
618 3346 782 3417 impetum
823 3348 949 3403 coelicet
962 3349 1019 3403 soli
1030 3356 1135 3403 autsuu
1148 3358 1195 3405 est.
1213 3369 1237 3404 v.
1251 3352 1288 3405 ad
1301 3356 1391 3415 c.3‚2.

214 3427 388 3491 ualidum,
411 3426 453 3481 eis
470 3426 552 3481 nullu
567 3425 712 3479 suesorum
724 3441 782 3494 pu·
858 3426 893 3481 V.
908 3433 930 3483 1.
948 3426 1104 3497 aliquanto]
1122 3426 1138 3481 i.
1152 3444 1176 3482 e.
1188 3429 1264 3489 haud
1281 3444 1392 3498 parurn,

215 3505 323 3561 tisatia
824 3503 890 3559 satis
908 3505 1039 3575 multum3
1056 3522 1081 3557 v.
1098 3506 1134 3558 ad
1152 3504 1219 3559 Sall.
1238 3504 1299 3559 Get.
1318 3511 1344 3571 8,
1365 3512 1391 3563 2.

249 3580 358 3638 ebore
388 3587 472 3651 ateste
500 3579 630 3651 operum]
667 3578 781 3645 'Lobor‚
825 3584 868 3638 ed.
887 3580 924 3636 11.
1253 3647 1257 3657 Ι

215 3676 386 3731 quemquem
408 3660 444 3712 de
462 3657 562 3728 quavis
580 3655 692 3711 actione
713 3654 781 3710 dici·
854 3657 1021 3729 paludibus]
1041 3656 1076 3711 of.
1095 3674 1117 3711 o.
1135 3662 1177 3719 30,
1200 3662 1223 3713 l'.

215 3748 275 3808 tur,
304 3753 378 3808 quae
404 3733 504 3789 virium
530 3732 712 3789 intentionem
737 3751 782 3787 re·
851 3735 956 3804 foedo]
984 3751 1022 3789 so.
1045 3740 1091 3787 est.
1130 3733 1191 3787 Huc
1219 3734 1295 3791 enim
1320 3755 1393 3795 voce

125 3874 127 3878 ,
216 3814 310 3887 quirit,
322 3822 416 3870 tamen
428 3814 458 3869 h.
467 3813 486 3867 1.
499 3810 619 3867 maxime
630 3812 666 3866 de
677 3811 783 3867 rustico
824 3814 938 3886 plenum
955 3809 1147 3883 praedicatum
1166 3812 1305 3869 enuntiati
1323 3834 1394 3871 oon-

215 3892 360 3949 lubossin
382 3890 554 3962 agricultura
571 3890 719 3945 subeundo
739 3888 782 3944 in·
824 3889 930 3959 ficitur3
958 3896 1051 3941 cetera
1077 3886 1217 3944 adieetiva
1237 3908 1290 3961 pro
1312 3892 1394 3949 attri-

185 4023 189 4031 ,
215 3970 416 4041 telligendum,
440 3975 472 4022 ut
493 3974 570 4037 putet
594 3984 630 4021 ex
651 3984 676 4021 o.
694 3972 737 4031 26,
756 3971 781 4024 3.
824 3965 897 4023 butis
917 3963 1032 4019 subiecti
1053 3971 1125 4019 suut

217 4053 260 4112 46,
279 4053 304 4102 5.
333 4047 394 4101 Nec
412 4045 510 4101 inutile
527 4044 612 4099 fuerit
631 4042 782 4100 contulisse
859 4061 916 4113 quse
936 4041 1053 4098 Gallias
1070 4072 1104 4083 —
1119 4044 1239 4115 spumat]
1266 4044 1333 4101 Nou
1355 4050 1394 4103 de

217 4122 284 4179 Sall.
303 4123 363 4179 Cat.
382 4128 426 4191 37,
445 4130 470 4179 1.
496 4124 635 4187 Iusoruus,
653 4138 725 4191 ustus
744 4122 783 4177 ia
824 4120 955 4176 universo
978 4119 1071 4173 Rheni
1097 4136 1179 4175 cursu
1206 4124 1262 4178 hoc
1288 4122 1394 4180 intolli-

216 4201 324 4269 upse's
352 4217 484 4255 musaeum
507 4200 632 4255 mecedo
655 4198 783 4267 inopium
823 4199 961 4269 gendum,
987 4199 1038 4251 sed
1062 4199 1097 4251 da
1122 4197 1256 4255 inferiore
1283 4207 1395 4259 tentum

217 4278 399 4342 seramus,
417 4307 451 4317 -
467 4278 605 4331 wbuaum
623 4275 710 4329 etima
729 4275 782 4330 ia·
823 4275 893 4346 ripe,
905 4273 954 4328 ubi
965 4273 1066 4328 Batavi
1078 4291 1111 4329 ao
1120 4274 1203 4331 Frisii
1215 4278 1395 4337 habitabunt.

217 4352 783 4423 protelabors'praetulerat.-Opero
857 4352 1005 4421 ventosior]
1036 4352 1099 4407 Hoe
1123 4352 1180 4409 noli
1209 4356 1315 4411 habere
1339 4373 1395 4428 pro

217 4430 352 4501 imprimis
369 4429 398 4485 in
412 4430 493 4487 seua
510 4431 681 4510 praestanda
695 4438 782 4486 erant
823 4429 918 4501 logico
955 4429 1085 4501 opposito
1122 4430 1198 4487 vocis
1236 4433 1395 4493 tumidior.
