3067 4867
435 376 651 438 GERMANIA.
688 379 718 437 C.
738 379 844 436 XLIII.
862 378 965 435 XLIV.
984 379 1072 434 XLV.
1297 372 1341 440 95

169 573 235 616 non
258 550 404 637 precario
426 551 496 618 iure
519 551 665 639 parendi.
709 552 789 617 Nec.
802 574 907 628 arma,
935 562 972 616 ut
995 549 1084 637 apud
1108 556 1232 614 eeteros
1255 545 1339 613 Ger·

169 683 295 737 manos,
314 661 348 725 in
364 662 560 747 promiscuo,
584 662 642 727 sed
663 661 773 726 clausa
794 661 855 727 sub
874 661 1019 737 custode,
1042 669 1075 724 et
1089 658 1219 743 quidem
1235 677 1339 730 servo,

144 770 250 856 lquia
271 771 398 837 subitos
419 771 561 837 hostium
581 773 730 837 incursus
753 771 906 858 prohibet
926 772 1090 847 Oceanus,
1105 760 1220 833 otiosa
1241 787 1339 854 porro

171 892 366 947 armatorum
392 904 508 949 manus
532 882 626 948 facile
653 882 832 949 lasciviunt.
876 882 1050 946 Enimvero
1071 900 1178 963 neque
1198 876 1341 942 nobilem

170 1013 277 1075 neque
303 992 503 1077 ingenuum,
542 1014 583 1057 ne
618 990 803 1057 libertinum
837 991 969 1076 quidem
1006 992 1103 1055 armis
1140 1008 1340 1075 praeponere

168 1100 259 1186 regia
280 1101 403 1166 utilitas
426 1112 484 1167 est.

41 1279 44 1283 -
151 1301 154 1306 ⁴
251 1234 361 1304 XLV.
405 1235 512 1300 Trans
535 1234 676 1301 Suionas
700 1234 789 1300 aliud
811 1257 912 1312 mare,
940 1234 1068 1322 pigrum
1092 1256 1130 1299 ac
1153 1254 1256 1320 prope
1279 1232 1339 1296 im-

60 1336 64 1340 ’
132 1327 135 1333 Δ
167 1356 307 1421 motum,
338 1368 404 1431 quo
427 1346 515 1431 cingi
537 1344 689 1430 cludique
712 1354 867 1409 terrarum
892 1344 1003 1411 orbem
1025 1344 1100 1409 hine
1122 1344 1220 1416 fides,
1250 1342 1339 1427 quod

167 1464 329 1519 extremus
351 1454 497 1521 cadentis
518 1454 582 1519 iam
606 1453 684 1519 solis
704 1454 814 1538 fulgor
832 1456 866 1520 in
884 1462 973 1519 ortus
992 1454 1106 1519 edurat
1124 1454 1206 1519 adeo
1224 1454 1339 1529 clarus,

167 1573 203 1628 ul
225 1564 333 1629 sidera
354 1564 494 1630 hebetet.
539 1564 664 1629 Sonam
687 1564 822 1650 insuper
843 1564 1038 1651 emergentis
1062 1563 1180 1641 audiri,
1201 1563 1339 1629 formas-

98 1679 102 1685 “
167 1696 231 1758 que
262 1675 396 1740 deorum
425 1685 458 1740 et
481 1674 592 1739 radios
619 1674 736 1761 capitis
763 1674 867 1762 aspici
894 1674 1062 1762 persuasio
1089 1674 1208 1739 adiicit.
1257 1672 1340 1737 Illue

200 1890 225 1941 3.
243 1885 439 1956 est-'ioum
460 1887 495 1942 ol.
508 1884 601 1955 Agric.
615 1902 638 1940 c.
650 1890 693 1950 21,
706 1891 730 1943 3.
809 1886 910 1955 otiosa]
937 1886 980 1939 lta
999 1902 1094 1939 omues
1114 1886 1196 1939 codd.
1212 1892 1249 1924 ’-
1272 1884 1339 1939 Plu·

144 1963 236 2041 ‚Iade
254 1964 338 2017 eliam
355 1964 464 2017 iubilate
481 1963 572 2017 assai
587 1963 704 2016 homor.
772 1963 839 2016 ralis
852 1962 929 2017 verbi
943 1963 1091 2017 lasciuirmi
1109 1966 1145 2016 sd
1161 1961 1338 2017 collectivum

772 2040 865 2093 otiosa
885 2057 1007 2093 mamus
1030 2041 1136 2094 relatus
1159 2039 1227 2095 nihil
1253 2042 1339 2094 hebet

773 2116 948 2186 offensionis3
969 2118 1003 2171 of.
1023 2118 1118 2187 Agric.
1137 2134 1160 2175 o.
1179 2123 1220 2181 27,
1242 2123 1263 2173 1.
1284 2120 1338 2172 Fe·

770 2211 823 2246 roa
849 2195 1053 2249 caerciius
1077 2226 1111 2235 -
1132 2196 1338 2265 penetrandum

197 2252 285 2306 'lulli'
301 2253 361 2306 lam
376 2252 591 2323 mllili‘l’llbm]
610 2253 627 2308 i·
647 2270 670 2308 θ·
690 2252 728 2307 {Vl
774 2271 959 2325 Caledoniam
975 2302 1009 2311 -
1019 2273 1238 2339 fremebunt.
1264 2274 1338 2327 Anu.

163 2328 215 2383 iam
228 2330 353 2399 perlecta
364 2329 442 2399 regie
454 2337 604 2401 potestate,
616 2339 646 2385 ul
658 2330 728 2384 nulli
771 2348 842 2412 χΙΙ,
862 2354 904 2417 40,
924 2355 947 2404 4,
977 2350 1085 2404 valida
1107 2358 1134 2403 ,t
1155 2350 1227 2403 lem
1249 2352 1338 2404 armi,

163 2406 273 2496 ⁰3⁰⁰PV
298 2406 370 2469 Vni,
400 2405 448 2477 ‘lVi
475 2406 607 2463 libefifflfl
633 2408 728 2463 ⁰⁰¹¹di·
771 2426 934 2479 iuuentus
953 2444 1067 2494 requam
1085 2427 1144 2479 eius
1162 2428 1337 2482 inuadunt.

164 2499 243 2537 ⁰⁴⁰¹*
260 2490 383 2537 “imilli-
771 2502 849 2571 Virg.
869 2506 938 2558 Aen.
957 2504 999 2567 X,
1019 2510 1077 2559 294.
1104 2504 1201 2569 Numa,
1226 2522 1243 2557 o
1264 2504 1337 2558 lecta

196 2585 650 2657 amprecare'oiurcpamdz]
678 2589 729 2641 Im
770 2597 920 2646 maaus,
969 2580 1077 2636 ualidis
1122 2582 1337 2635 incumbite

160 2663 316 2731 parendi
333 2662 362 2716 in
381 2680 415 2720 eo
435 2671 478 2717 est
497 2664 630 2734 positum,
651 2667 727 2736 quod
770 2657 863 2711 relisi&

161 2739 479 2810 1’θῐ20821111121)(’ῒο11ῐ1
496 2748 527 2794 Vi
542 2741 728 2811 “mimmii
804 2758 884 2827 repia
895 2759 1006 2813 utilitas
1019 2760 1068 2826 est]
1087 2785 1121 2805 =
1134 2760 1248 2831 regibus
1268 2761 1336 2816 utile

41 2810 53 2830 ‘
161 2816 312 2869 subditi.
340 2816 439 2870 Actira
454 2817 528 2871 enim
543 2817 584 2872 vis
598 2819 727 2888 gerundii
770 2843 814 2889 est
833 2836 938 2903 (Germ,
956 2836 1126 2905 panificae,
1143 2839 1299 2907 Merme),

161 2908 219 2945 non
238 2893 313 2947 valet
336 2892 411 2962 regis
436 2901 578 2963 respectu,
604 2898 655 2950 sed
678 2912 726 2965 pa-

159 2968 297 3037 rentinm3
324 2970 360 3025 cl.
387 2971 453 3026 Sall.
473 2971 533 3041 Ing.
558 2978 605 3038 62,
625 2978 650 3029 8.
678 2975 727 3028 Iu·
804 2980 891 3034 XLV.
911 2987 932 3037 1.
951 2980 1043 3051 aliud]
1062 2999 1099 3037 sc.
1116 2999 1199 3052 quam
1218 2984 1335 3052 vulgare

159 3047 273 3115 parilia,
300 3063 383 3116 meum
399 3048 461 3117 epse
478 3051 526 3102 ad
546 3050 726 3120 imperan-
770 3064 799 3109 et
818 3064 928 3119 actuum
950 3073 976 3112 v.
995 3062 1030 3111 ad
1049 3076 1070 3111 c.
1091 3064 1132 3124 26,
1151 3066 1176 3115 4.
1199 3060 1335 3130 Intelligit

160 3125 236 3176 dum
248 3122 307 3189 (ie.
317 3124 512 3191 qnoMeiellas
525 3126 551 3179 ei
565 3126 726 3197 imperaret)
770 3141 862 3187 autem
880 3150 957 3187 mare
976 3134 1102 3203 glaciale.

161 3200 303 3253 Tisidium
327 3209 487 3265 uocaretur,
514 3220 611 3256 rursus
636 3205 727 3273 eoepit
830 3245 837 3257 .
1063 3244 1069 3258 .

153 3276 267 3344 siemere
280 3276 404 3330 uaimum
417 3294 506 3331 suum.
525 3279 569 3332 Ita
581 3280 629 3349 qui
642 3282 728 3335 habet
795 3244 924 3335 ,²²³⁹me
946 3244 980 3299 cf·
1000 3246 1094 3315 ΑΒΜ·
1111 3262 1137 3335 .⁰'
1152 3250 1197 3336 ¹⁰2
1205 3254 1229 3302 ⁵·
1248 3248 1334 3301 Mam

158 3352 203 3405 ius
222 3355 417 3422 decumarum,
444 3372 500 3409 non
524 3356 584 3426 ipse
607 3359 725 3424 praebet
763 3339 881 3391 mmm
900 3331 926 3377 et
942 3340 1028 3391 mave
1046 3324 1252 3391 mmmmm·

159 3429 299 3494 decumas,
317 3432 367 3484 sed
387 3431 429 3485 ius
452 3433 535 3486 hebet
553 3435 723 3504 postulandi,
803 3434 880 3503 quod
891 3440 1065 3487 sciremus-
1069 3432 1332 3503 fulgor—edurat]

157 3514 189 3559 ut
225 3506 365 3560 tributarii
402 3510 578 3577 praebeam·
595 3511 725 3565 decumas
767 3508 909 3580 icquar}
926 3512 969 3564 sol
986 3528 1042 3565 non
1061 3509 1170 3565 occidit.
1193 3511 1227 3563 ol.
1239 3511 1332 3579 Agric.

157 3581 218 3651 ipsi.
236 3611 273 3621 —
299 3584 467 3639 Precarium
486 3593 541 3653 est,
566 3591 641 3657 quod
661 3588 724 3658 quis
768 3604 791 3641 c.
812 3592 858 3649 12,
877 3593 901 3642 4.
931 3587 1034 3657 Aspiei
1053 3604 1109 3657 per
1132 3594 1238 3641 uectem
1264 3588 1334 3641 solis

157 3659 271 3713 alterius
286 3661 431 3716 voluntate
448 3662 554 3716 tamdia
573 3666 656 3718 modo
675 3666 724 3718 ob·
759 3664 916 3732 sulpurem,
933 3682 983 3717 aec
1001 3666 1129 3719 occidere
1146 3672 1172 3718 ei
1189 3682 1333 3733 erumpere

156 3735 241 3800 tinet,
261 3754 344 3806 quarn
363 3739 428 3793 huie
448 3739 572 3806 libuerit,
596 3741 723 3797 omittere
765 3742 818 3793 sed
835 3742 957 3795 transire
976 3744 1132 3810 affirmarat.

157 3822 280 3878 coactns,
300 3814 349 3868 nbi
367 3815 438 3870 alter
456 3816 551 3887 iubet3
573 3818 608 3871 ol.
625 3819 722 3889 Agric.

160 3896 199 3956 16,
217 3898 239 3946 5.

182 2081 224 2203 det
241 2074 350 2205 opibps]
378 2074 539 2145 Respicitur
566 2074 608 2129 his
636 2074 729 2129 verbis

164 2167 181 2202 a
221 2168 245 2204 c.
264 2157 288 2216 5,
324 2189 332 2207 .

801 3851 887 3920 orius]
911 3869 948 3906 sc.
966 3852 1138 3921 singulorum
1160 3850 1277 3907 dierum.

794 3963 956 4032 persuasio]
981 3963 998 4016 i.
1017 3982 1040 4015 e.
1059 3963 1134 4017 lama
1157 3964 1264 4032 absque
1288 3982 1332 4017 rs-

764 4038 886 4093 tionibus
910 4040 1035 4104 oredita,
1064 4049 1195 4093 constans
1218 4041 1331 4112 opinio;

765 4115 800 4171 ef.
820 4116 891 4170 Hist.
910 4118 945 4180 V,
964 4124 988 4181 5,
1007 4123 1031 4171 4.
1052 4117 1165 4171 Eadem
1183 4146 1217 4156 -
1237 4120 1272 4173 de
1290 4120 1332 4173 ia·

755 4193 835 4258 seris
859 4194 1084 4262 persuasio.
1115 4194 1152 4249 ib.
1174 4193 1213 4256 V,
1240 4200 1285 4259 13,
1307 4201 1330 4251 3.

761 4268 896 4323 Plarasa
921 4271 1141 4339 persuasio
1168 4271 1268 4325 iuerat.
1296 4302 1331 4312 -

188 4347 214 4396 4.
236 4341 341 4410 porro]
370 4340 387 4395 i.
411 4359 436 4398 e.
463 4346 504 4398 acl
530 4346 600 4415 hoc,·
629 4364 656 4402 v.
684 4349 719 4401 ad
762 4346 846 4399 Haud
865 4347 936 4401 male
955 4347 1143 4402 Doederlinus
1162 4350 1248 4402 verba
1266 4350 1329 4403 red-

154 4416 250 4486 Agris.
269 4434 292 4471 a
312 4424 352 4482 15,
369 4424 394 4475 6.
762 4421 817 4476 dit:
837 4423 874 4479 ist
892 4424 952 4479 aiae
970 4426 1077 4480 Zuilzat
1094 4426 1144 4479 des
1160 4423 1312 4510 Giaulreus.

189 3990 220 4045 in
234 3993 411 4062 promiscuo]
441 3994 459 4047 i.
484 4012 507 4049 e.
539 3994 639 4066 cuique
669 4016 720 4068 pro

155 4066 235 4121 libitu
247 4077 357 4139 gestare
371 4087 510 4125 concessa
527 4073 721 4128 Promiseuum

156 4143 237 4208 enirn,
251 4149 328 4215 quod
341 4147 468 4202 omnibns
486 4150 545 4204 sine
562 4151 720 4206 discrimine

154 4229 245 4292 patet3
266 4223 301 4276 cl.
319 4242 343 4279 c.
362 4227 448 4290 28,·1.
