3067 4867
227 347 268 413 76
647 342 832 402 CORNELII
850 342 983 403 Tuom

224 518 260 583 in
281 517 431 585 exercitu.
477 518 586 583 Omne
610 517 710 583 robur
736 518 771 583 in
798 518 923 605 pedite,
947 540 1044 603 quem
1066 540 1165 605 super
1186 540 1276 585 arma
1296 518 1429 585 ferra-3

225 627 341 692 mentis
364 650 497 714 quoque
524 639 555 691 et
580 627 686 715 copiis
714 639 857 694 onerant
901 627 997 693 Alios
1018 628 1062 691 sd
1083 628 1243 713 proelium
1271 629 1320 693 ire
1346 630 1403 694 vi·

225 737 319 812 deas,
350 736 487 802 Chattos
516 737 558 801 ad
589 736 731 813 bellum;
762 738 826 801 rari
859 759 1013 803 excursus
1042 748 1075 802 et
1102 738 1236 803 fortuita
1266 761 1402 824 pugna3

225 846 423 933 equestrium
451 868 531 911 sane
557 846 672 911 virium
700 847 735 911 id
765 846 951 933 proprium,
982 848 1047 913 cito
1078 869 1192 933 parare
1218 848 1401 925 victoriam,

224 956 289 1021 cito
321 956 458 1032 cedere;
493 955 646 1021 velocitas
681 957 773 1021 iuxta
805 956 1026 1035 formidinem,
1065 956 1228 1022 cunctatio
1261 960 1403 1044 propior

225 1065 425 1131 constantiae
448 1074 504 1129 est

307 1174 445 1239 XXXI.
488 1176 532 1239 Et
553 1174 624 1239 aliis
646 1175 883 1241 Germanorum
905 1175 1038 1262 populis
1060 1185 1251 1261 usurpatum
1271 1197 1343 1240 raro
1368 1186 1402 1241 et

223 1284 351 1372 privata
377 1284 535 1369 cuiusque
561 1284 714 1349 audentia
741 1285 833 1371 apud
854 1282 993 1351 Chattos
1021 1286 1056 1350 in
1076 1307 1272 1354 consensum
1292 1287 1401 1363 vertit,

224 1405 261 1458 ut
278 1395 416 1480 primum
437 1393 651 1470 adoleverint,
670 1394 791 1459 crinem
810 1393 1010 1481 barbamque
1029 1394 1237 1473 summittere,
1256 1416 1318 1460 nec
1336 1395 1402 1459 nisi

224 1502 318 1569 hoste
339 1526 435 1569 caeso
459 1524 577 1569 exuere
597 1503 741 1569 votivum
762 1502 1009 1590 obligatumque
1026 1504 1135 1569 virtuti
1157 1505 1222 1569 oris
1240 1502 1400 1573 habitum.

224 1705 385 1752 commum
404 1706 491 1760 quare
511 1706 567 1743 non
583 1688 678 1743 differt
696 1690 730 1743 ab
745 1705 789 1753 eo,
834 1690 898 1743 deta
914 1691 1013 1744 horum
1033 1690 1182 1744 verboram
1200 1689 1272 1744 ratio
1290 1689 1331 1743 sic
1349 1706 1400 1745 ex·

224 1770 300 1839 quod
329 1775 371 1821 est
402 1765 486 1821 alicui
514 1767 665 1836 proprium
692 1773 718 1819 et
737 1781 790 1834 pe·
833 1765 1122 1836 pediendazatapnd
1135 1767 1249 1822 marus
1264 1766 1400 1821 velocitas
1508 1763 1509 1781 ¹

223 1844 340 1899 miliare.
832 1850 885 1897 etc.
922 1842 1044 1898 Facilius
1068 1842 1096 1896 iu
1120 1842 1282 1914 apparebit,
1306 1843 1330 1898 si
1353 1861 1401 1897 re·
1508 1844 1509 1847 ’

259 1926 282 1975 3.
307 1921 391 1973 robur
409 1920 439 1972 in
451 1918 558 1989 psds'te]
586 1919 622 1973 cl.
640 1917 742 1987 ¹Agris.
764 1934 789 1971 o.
833 1919 987 1989 putaveris,
1004 1936 1197 1990 praegressum
1215 1937 1295 1989 sanc,
1321 1923 1400 1989 quod

227 2003 267 2063 12,
287 2003 310 2053 1.
833 1996 1006 2051 concedendi
1022 1996 1077 2051 vim
1095 1997 1195 2060 habet,
1214 2015 1271 2051 non
1284 1996 1401 2051 differre

258 2091 342 2143 super
363 2073 456 2141 arma]
480 2071 497 2127 i.
514 2089 539 2125 e.
562 2074 599 2126 ad
620 2073 688 2138 boc,
711 2072 789 2140 quod
833 2091 850 2127 a
872 2074 993 2143 quidem
1012 2102 1048 2115 -
1074 2074 1161 2126 Iusta
1184 2074 1212 2127 b.
1230 2072 1249 2127 l.
1268 2072 1401 2127 adiectivi

138 2143 141 2147 ⁵
224 2169 302 2205 arma
325 2158 430 2220 portat,
454 2159 506 2203 etc.
533 2149 596 2203 vel:
621 2166 678 2202 nan
699 2148 790 2201 solum
832 2149 918 2203 instar
941 2156 992 2205 est.
1030 2150 1103 2203 Nam
1125 2152 1202 2219 quod
1226 2149 1305 2203 iacta
1328 2150 1400 2219 aliq.

225 2226 317 2290 armis,
334 2227 481 2279 sedetiam
495 2223 790 2279 ferramentis-one·
831 2243 891 2279 rem
917 2235 975 2289 est,
1003 2226 1070 2296 quis
1095 2229 1196 2281 eodem
1221 2226 1285 2282 loco
1312 2234 1400 2297 atque

224 2312 308 2370 rant,
325 2303 359 2357 cl.
373 2308 416 2371 32,
427 2308 454 2357 2.
469 2307 512 2368 43,
523 2308 547 2357 5.
563 2309 592 2357 et
605 2319 630 2355 v.
643 2303 680 2355 ad
693 2302 788 2371 Agris.
833 2319 949 2357 numero
969 2311 1025 2367 est,
1050 2302 1076 2357 ei
1100 2302 1140 2357 rei
1163 2321 1220 2373 par
1238 2311 1280 2357 est
1297 2304 1343 2357 vol
1362 2306 1400 2357 ab

226 2398 249 2437 a
271 2387 311 2445 17,
329 2386 353 2436 3.
833 2397 867 2435 ea
885 2396 941 2433 non
957 2380 1112 2446 diuersum
1130 2380 1164 2435 of.
1177 2380 1250 2436 Ann.
1259 2380 1310 2444 VI,
1323 2386 1367 2444 42,
1375 2386 1400 2435 2.

252 2455 452 2525 ferramentis]
468 2454 520 2509 ie.
533 2454 722 2509 instrumentis
734 2456 790 2510 fer·
831 2456 940 2525 Populi
969 2456 1116 2525 imperium
1146 2456 1253 2511 iuuta
1283 2456 1401 2511 iiber-

224 2534 292 2597 rsis,
315 2533 392 2587 velut
408 2532 559 2596 securibus,
578 2532 728 2600 ligonibus,
745 2551 788 2587 ra·
832 2540 955 2601 tatem,
978 2550 1137 2602 paucorum
1163 2534 1318 2588 dominatio
1344 2552 1401 2589 re·
1509 2530 1510 2535 ’

224 2610 304 2678 stris,
328 2609 426 2675 serris,
452 2627 525 2679 quae
548 2611 623 2680 apud
646 2610 789 2665 Romanos
830 2608 913 2677 uiue
931 2610 1091 2663 libidini
1105 2611 1257 2679 propior
1276 2619 1325 2665 cst.

224 2691 260 2743 ad
279 2687 478 2758 impedimenta
493 2685 688 2758 pertinebant,
710 2688 790 2757 plau·
866 2686 1016 2755 cunctatio]
1036 2688 1115 2751 Quae
1128 2686 1221 2756 positu
1236 2695 1279 2742 est
1296 2687 1326 2741 in
1339 2688 1401 2756 dis-
1509 2674 1510 2681 ἵ

224 2765 288 2820 stris
304 2774 400 2833 vecta,
419 2763 549 2817 sicitas.
566 2763 597 2820 Β.
612 2763 646 2817 G.
662 2763 696 2827 V,
710 2769 752 2832 42,
764 2769 789 2818 3.
825 2763 951 2827 ferendo
969 2764 1089 2833 impetu,-
1108 2764 1145 2818 cf.
1164 2766 1187 2831 ᾖ.
1207 2770 1231 2819 2.

224 2864 232 2879 =
259 2842 358 2911 copiis]
380 2841 396 2894 i.
414 2859 438 2895 e.
457 2838 636 2910 utensilibus,
660 2839 788 2902 cibariis;
867 2839 1047 2908 constantiae]
1069 2840 1165 2894 Germ.
1186 2840 1399 2909 Besonnenireit,

224 2938 250 2974 v.
267 2920 304 2973 ad
322 2918 417 2987 Agris.
435 2922 478 2980 22,
495 2923 519 2971 2.
537 2923 579 2982 25,
598 2922 623 2973 2.
831 2916 1066 2985 Kalthlrttiylcsim
1084 2935 1108 2973 v.
1122 2919 1157 2969 ad
1169 2915 1265 2985 Agris„
1280 2933 1303 2973 c.
1316 2922 1359 2982 36,
1374 2924 1399 2972 l.

226 2992 230 2998 ’
260 2997 301 3049 ud
320 2994 430 3062 bellum]
456 3011 494 3048 sc.
513 2996 588 3063 quod
610 2991 700 3064 poscit
719 3010 790 3062 pru-
866 2991 975 3047 XXXI.
1000 2998 1022 3047 1.
1049 3001 1216 3062 usurpatum
1237 2994 1317 3062 raro]
1353 2994 1400 3049 Ita

225 3071 357 3140 dentiam,
371 3080 469 3140 amem,
486 3069 639 3137 consilium,
652 3088 738 3140 quum
752 3070 789 3123 ad
833 3070 895 3124 cod.
934 3068 1199 3139 PRchMTWV3
1238 3070 1326 3123 ceteri
1356 3088 1399 3127 us.

224 3148 362 3221 proelium
388 3148 494 3201 vim'bas
519 3147 603 3201 modo
632 3155 660 3199 et
685 3145 790 3215 impetu
831 3163 963 3199 rara—
978 3144 1119 3200 Euantiati
1132 3144 1316 3201 conformatio
1328 3148 1400 3201 haec

226 3244 296 3298 opus
314 3224 357 3279 sit
832 3231 888 3285 est,
907 3229 936 3276 ut
953 3222 1107 3277 subiectum
1126 3224 1161 3278 sit
1176 3223 1332 3277 srsbmitiere
1349 3240 1400 3277 nec

258 3301 425 3373 equestrium
442 3329 476 3339 -
492 3298 605 3368 uirium]
631 3298 647 3353 i.
671 3317 696 3353 e.
720 3318 789 3370 gen·
831 3328 867 3337 -
886 3315 991 3367 enuere,
1016 3299 1152 3370 appositio
1173 3299 1292 3355 subiecti
1318 3318 1400 3355 ussa·

224 3379 301 3443 tiam,
319 3396 393 3449 quae
409 3378 534 3449 equitatu
552 3376 653 3443 valent,
671 3396 789 3449 quarum
827 3383 928 3445 patum
944 3392 1013 3428 raro
1037 3401 1072 3421 =
1089 3393 1135 3429 res
1154 3394 1225 3431 raro
1250 3385 1399 3447 usurpata,

223 3460 312 3513 robur
330 3455 358 3511 in
378 3456 481 3525 equits.
499 3481 534 3491 —
560 3454 700 3509 Universa
718 3458 790 3509 haec
832 3452 1025 3522 praedicatum
1061 3452 1092 3505 in
1121 3470 1282 3509 consensum
1309 3455 1400 3511 vertit.

225 3532 385 3591 observatio
408 3530 540 3602 pertinet·
555 3533 592 3585 ad
617 3532 704 3586 verba
721 3535 790 3599 for·
832 3528 869 3585 cf.
891 3528 984 3598 Agris.
1003 3528 1031 3594 Ι,
1051 3535 1073 3584 1.
1101 3530 1251 3585 Clas-omem
1275 3531 1400 3585 virorum

223 3614 295 3669 suita
304 3630 412 3683 puqna,
425 3626 566 3679 qusenon
583 3606 638 3662 alia
653 3616 694 3663 est
706 3626 790 3679 quam
824 3608 912 3672 facta
931 3621 1075 3674 moresque
1087 3607 1210 3675 porrois
1232 3610 1400 3675 tradere,

224 3690 366 3762 mmmm,
381 3685 498 3751 Chattis,
516 3684 582 3756 qnia
601 3685 634 3739 iis
652 3684 680 3741 in
694 3685 789 3755 pedite
806 3745 809 3752 ,
832 3683 983 3751 antiquitus
1001 3691 1226 3752 usurpatum,
1245 3701 1279 3739 ne
1295 3684 1400 3739 nosne

222 3770 310 3824 robur
328 3774 383 3831 est,
408 3762 520 3818 insolita
540 3769 570 3816 et
592 3778 690 3833 parurn
711 3780 789 3815 usur·
832 3760 945 3829 quidem
963 3760 1131 3829 temporibus
1148 3789 1182 3799 -
1200 3769 1280 3816 aetas
1298 3760 1399 3816 omisit.

223 3855 297 3916 pots.
318 3845 413 3910 Quare
430 3857 520 3895 nexus
537 3838 712 3909 sequentium
728 3856 790 3892 rer·
867 3843 893 3889 et
900 3836 1018 3905 priuata
1032 3864 1065 3875 -
1077 3837 1223 3907 audentia]
1241 3838 1293 3893 His
1306 3838 1399 3893 verbis

224 3923 323 3977 borum
337 3938 399 3975 com
411 3916 645 3990 praecedentibus
656 3924 699 3970 est
711 3933 790 3969 caus·
832 3912 918 3969 artius
951 3912 1190 3967 circumscribitur
1220 3932 1291 3970 raro
1325 3914 1399 3969 vocis

134 4018 137 4025 ·
223 3999 304 4063 salis,
325 4016 393 4052 num
410 3995 548 4069 particula
565 3993 722 4065 supplenda
740 3995 790 4047 de·
833 3997 971 4059 potestas,
989 4007 1077 4059 quare
1094 3997 1120 4043 et
1138 3990 1212 4045 valet
1230 3999 1256 4045 et
1270 3992 1399 4061 quiderm

225 4076 380 4130 clarandus.
832 4084 860 4122 v.
882 4068 918 4121 ad
939 4083 963 4122 c.
983 4072 1024 4131 14,
1044 4070 1068 4121 3.
1088 4071 1130 4131 38,
1149 4070 1173 4121 3.
1191 4098 1225 4107 -
1252 4069 1399 4123 Audentis

258 4152 313 4206 cito
331 4180 364 4189 —
384 4148 489 4217 cedere]
511 4145 546 4201 cf.
566 4146 633 4200 Sall.
652 4144 725 4200 Hist.
743 4145 790 4199 Fr.
832 4142 934 4199 Tacito
955 4143 1057 4197 dicitur
1076 4160 1128 4214 pro
1148 4144 1290 4211 audacia,
1317 4145 1353 4200 cs.
1371 4162 1397 4198 c.

224 4229 282 4285 Ino.
296 4232 338 4283 21.
358 4227 443 4279 More
461 4224 596 4293 equmtris
606 4223 704 4293 proeli
717 4240 789 4275 sum·
832 4226 874 4285 34,
893 4226 917 4275 4.
937 4220 1009 4273 Arm.
1028 4218 1091 4284 XV,
1109 4224 1152 4283 53,
1171 4225 1195 4275 3.

220 4306 282 4381 ptis
299 4303 384 4371 tersis
403 4310 485 4370 atque
500 4300 629 4355 redditis.
866 4296 1072 4366 oblisctumque
1084 4296 1181 4349 oirtrdi
1191 4296 1251 4350 oris
1263 4296 1396 4365 habitum]

258 4379 393 4443 edacitas
404 4376 685 4449 imtafcrrnidman]
699 4376 789 4452 Asyu·
831 4372 848 4439 i.
867 4391 892 4433 e.
920 4371 975 4461 orii
1000 4374 1141 4441 habiturn,
1169 4388 1224 4447 quc
1250 4389 1280 4433 sc
1303 4372 1400 4461 mrim}
