3067 4867
659 283 884 340 PRAEFATIO.
1295 282 1351 340 XV

178 475 287 541 minus
308 473 352 540 ad
372 482 538 539 auctorem
560 470 800 538 emendandum
815 480 913 555 atque
928 471 1158 560 explicandum
1173 471 1350 549 debuerim,

180 584 354 673 plurimum
379 595 486 649 tamen
509 582 607 669 taedii
627 582 776 647 hausisse
798 604 849 647 me
873 604 913 647 ex
935 582 1146 662 Walchiana,
1177 582 1352 668 plurimum
1374 608 1378 629 ε

180 695 309 782 cepisse
330 694 476 759 utilitatis
499 714 539 757 ex
560 692 732 759 Rothiana.
777 692 817 756 ln
832 692 984 759 Walchio
1005 692 1101 769 enim,
1124 630 1388 796 praeterquaml

181 806 272 891 quod
300 805 426 892 patriae
455 804 588 890 linguae
618 825 653 868 se
675 811 821 889 praestat
841 824 908 867 non
931 802 1071 891 peritum
1094 802 1264 878 artificem,
1292 804 1351 868 sed

180 915 377 981 horrendum
400 914 597 990 carnificem,
621 935 695 978 cum
716 935 842 977 summa
864 912 1012 978 doctrina
1034 911 1208 978 coniuncta
1228 914 1352 998 reperi-

181 1036 234 1091 tur
254 1024 453 1091 inoredibilis
477 1023 600 1109 ingenii
623 1022 832 1110 perversitas,
855 1045 946 1088 mens
968 1022 1199 1109 praeiudicatis
1220 1022 1350 1108 opinio-

181 1136 277 1201 nibus
301 1146 477 1221 occupata,
506 1134 539 1197 in
562 1132 659 1199 rebus
683 1132 881 1219 planissimis
907 1133 1065 1211 caecitas,
1095 1132 1258 1219 sapientia
1279 1154 1350 1196 um-

180 1244 320 1321 bratilis,
347 1244 433 1309 vitae
455 1265 534 1309 usus
555 1242 733 1330 ignoratio,
761 1242 803 1307 ad
825 1242 888 1308 hoc
909 1253 1034 1320 tumor,
1062 1241 1182 1319 fastus,
1205 1242 1351 1328 supero-i-

179 1354 269 1431 lium,
284 1354 433 1431 tristitia,
454 1354 505 1419 sui
530 1353 712 1429 admiratio,
736 1352 873 1417 aliorum
892 1362 1105 1439 contemptus.
1142 1350 1274 1435 Quibus
1299 1373 1352 1416 ro-

179 1464 243 1530 bus
274 1476 310 1529 ut
337 1462 426 1529 baud
452 1463 706 1528 contemnendae
735 1463 823 1527 illius
844 1462 995 1528 editionis
1016 1463 1151 1528 virtutes
1172 1462 1267 1527 valde
1291 1462 1351 1527 ob·

180 1584 359 1651 scurantur,
382 1575 429 1638 ita
450 1574 540 1660 apud
562 1573 718 1640 Rothium
739 1572 847 1637 omnia
869 1573 912 1637 ad
932 1572 1121 1638 alliciendos
1142 1585 1174 1639 et
1187 1572 1240 1637 via
1255 1581 1352 1656 atque

179 1684 306 1749 ratione
342 1684 511 1749 docendos
550 1684 688 1748 lectores
722 1693 910 1768 comparata
942 1693 1026 1749 sunt.
1078 1684 1112 1747 A
1146 1682 1352 1770 simplicitate

180 1795 266 1859 enim
289 1804 320 1859 et
339 1795 449 1858 nativo
473 1792 616 1878 quodam
636 1793 716 1858 recti
738 1814 837 1857 sensu
859 1815 1034 1877 numquam
1051 1791 1223 1858 discedens
1238 1814 1351 1857 sanum

182 1925 220 1968 ac
244 1904 413 1969 subactum
434 1902 557 1988 ubique
579 1902 672 1968 affert
693 1902 859 1980 iudicium,
881 1902 915 1968 in
935 1925 971 1968 re
992 1902 1104 1969 critica
1118 1926 1192 1969 cnm
1210 1902 1350 1969 dexteri-

180 2024 248 2079 tate
277 2023 439 2091 versatur,
472 2013 590 2079 latinae
619 2013 750 2097 linguae
780 2023 887 2078 autem
915 2023 947 2078 et
976 2013 1150 2100 peculiaris
1172 2012 1280 2078 Taciti
1300 2013 1350 2078 lo-

181 2123 304 2208 quendi
331 2123 431 2188 moris
461 2134 584 2188 tantam
616 2121 715 2187 habet
743 2122 893 2209 peritiam
925 2123 1168 2189 accuratissima
1196 2123 1350 2189 observa·

180 2234 270 2299 tione
291 2233 447 2311 innixam,
469 2244 506 2298 ut
524 2232 588 2299 hoo
610 2234 741 2298 nomine
763 2233 860 2319 pauci
887 2255 959 2297 cum
982 2256 1022 2299 eo
1044 2234 1255 2320 comparandi
1278 2235 1350 2300 sint.

179 2343 290 2408 Multa
311 2343 411 2429 igitur
435 2364 474 2407 ex
497 2343 567 2409 eius
591 2343 732 2409 editione
754 2343 863 2409 bonae
883 2343 986 2429 frugis
1002 2343 1193 2430 plenissima
1206 2344 1241 2408 in
1256 2366 1351 2409 usum

179 2475 288 2519 meum
319 2475 371 2519 me
404 2453 600 2520 convertisse
632 2453 730 2519 etiam
765 2475 818 2519 me
849 2475 917 2518 non
948 2465 1100 2520 monente
1132 2454 1229 2542 periti
1257 2454 1351 2520 facile

180 2564 329 2632 sentient.

265 2673 328 2739 His
351 2672 522 2739 declaratis
544 2672 625 2737 nihil
648 2682 706 2751 est,
733 2672 823 2757 quod
848 2671 978 2751 addam,
1000 2673 1064 2739 nisi
1084 2672 1158 2753 hoc,
1182 2674 1278 2741 valde
1299 2698 1351 2741 me

180 2794 310 2870 optare,
342 2793 393 2861 ut,
423 2805 522 2868 quam
552 2783 586 2847 in
619 2783 822 2849 emendando
857 2794 954 2868 atque
977 2771 1172 2870 explicando
1194 2786 1352 2871 Agricola

179 2893 238 2959 inii
259 2893 427 2971 rationem,
450 2916 516 2957 non
538 2894 644 2959 solum
664 2893 740 2959 viris
765 2894 870 2959 doctis
891 2893 1058 2980 probetur,
1082 2896 1141 2960 sed
1157 2896 1255 2962 etiam
1268 2917 1350 2962 con·

177 3003 261 3069 ferat
290 3003 333 3067 ad
359 3003 502 3068 studium
525 3004 633 3069 Taciti
658 3006 693 3069 in
721 3004 842 3070 scholis
869 3003 1046 3070 iuvandum
1077 3017 1176 3091 atque
1205 3008 1351 3073 excitari·-

179 3112 266 3181 dum.
311 3112 423 3196 Quare
460 3113 540 3178 nihil
573 3114 697 3199 gratius
730 3114 809 3178 mihi
843 3114 991 3181 accidere
1021 3118 1158 3204 poterit,
1195 3141 1294 3203 quam
1322 3118 1351 3181 si

179 3220 432 3309 Gymnasiorum
452 3224 624 3303 Rectores,
648 3226 677 3291 si
696 3246 834 3311 quorum
855 3224 890 3290 in
911 3226 1059 3292 notitiam
1080 3227 1134 3294 hic
1155 3226 1237 3294 liber
1251 3250 1349 3293 vene·

177 3332 228 3411 rit,
252 3333 387 3419 dignum
410 3356 484 3401 eum
504 3335 659 3413 iudicent,
682 3357 779 3421 quem
801 3335 995 3423 disciplinae
1014 3360 1094 3404 suae
1108 3340 1246 3403 alumnis
1261 3360 1347 3403 com·

177 3444 331 3510 mandent
360 3467 465 3532 eoque
488 3446 571 3511 duce
594 3447 710 3511 summi
731 3446 873 3512 auctoris
894 3447 1192 3534 interpretationem
1219 3449 1261 3513 ad
1282 3448 1350 3513 lor·

177 3555 299 3621 manda
320 3554 407 3621 bona
427 3556 559 3643 ingenia
580 3556 814 3640 ingrediantur.

263 3690 390 3756 Dabam
412 3692 533 3757 Erfurti
555 3693 651 3758 VIII.
672 3692 747 3761 Kal.
771 3692 840 3760 Ian.
862 3690 1124 3759 MDCCCLIX.
