3067 4867
524 396 739 454 casurum.
777 396 808 453 c.
827 394 946 453 111.1v.
1282 396 1323 467 31

152 581 269 651 terras,
291 570 606 659 Asciburgiumque‚
635 573 724 657 quod
750 572 784 637 in
806 572 879 660 ripa
900 571 1006 639 Rheni
1036 572 1133 637 situm
1160 570 1324 659 hodieque

127 683 314 761 lincolitur‚
338 682 380 748 ab
401 683 457 748 illo
479 684 689 748 constitutum
710 683 992 769 nominatumquo;
1016 703 1105 747 aram
1128 682 1204 768 quin
1227 683 1325 747 etiam

152 794 243 859 Ulixi
271 805 492 860 consecratam
518 794 645 873 adie'cto
666 778 807 860 Laert'ae
833 796 933 881 patria
956 794 1086 859 nomine
1111 794 1226 858 eodem
1249 792 1323 858 loco

153 906 230 973 olim
256 913 434 991 repertam,
465 917 742 991 monumentaque
772 918 803 970 et
832 905 973 971 tumulos
1002 904 1162 990 quosdam
1188 904 1324 972 Graecis

150 1016 265 1081 litteris
286 1016 463 1103 inscriptos
484 1016 518 1081 in
541 1016 683 1081 confinio
702 1016 900 1083 Germaniae
918 1016 1118 1101 Raetiaeque
1139 1015 1245 1081 adbuc
1267 1036 1324 1087 εκ*

152 1136 246 1192 stare.
291 1126 386 1210 Quae
411 1112 519 1213 neque
544 1117 734 1193 confirmare
760 1128 958 1213 argumentis
987 1149 1093 1213 neque
1120 1125 1263 1191 refellere
1290 1126 1325 1189 in

151 1238 259 1303 animo
282 1249 348 1314 est3
373 1260 413 1304 cx
434 1239 569 1325 ingenio
593 1261 653 1304 suo
676 1238 815 1324 quisque
838 1239 947 1303 demat
967 1238 1016 1302 vel
1039 1238 1141 1303 addat
1161 1238 1266 1303 fidem.

234 1348 295 1414 lV.
338 1331 418 1435 Ipse
441 1369 553 1415 eorum
575 1348 786 1437 opinionibus
810 1348 941 1426 accedo,
969 1349 1025 1433 qui
1047 1348 1241 1414 Germaniae
1262 1358 1324 1435 poss

152 1458 249 1546 pulos
267 1458 366 1524 nullis
385 1459 455 1525 aliis
474 1459 609 1526 aliarum
630 1460 797 1525 nationum
807 1458 986 1524 ‘connubiis
1008 1458 1146 1525 iniectos
1161 1458 1325 1546 propriam

152 1670 301 1732 aequantes
319 1680 471 1733 eorumque
491 1670 646 1717 commenta
664 1680 717 1735 pro
760 1665 887 1717 vocanda
921 1664 1022 1717 frustra
1057 1662 1178 1717 laborari
1210 1662 1325 1719 Tacitus

152 1740 225 1793 veris
242 1740 450 1811 amplectentes.
760 1741 821 1813 ipae
849 1740 940 1795 statim
966 1742 1121 1811 profitetur.
1165 1740 1243 1794 Nihil
1270 1744 1325 1797 bue

186 1818 217 1870 in
228 1817 299 1870 hooc
310 1818 452 1886 oceanum]
467 1816 485 1871 i.
496 1833 520 1871 e.
532 1817 561 1870 in
574 1834 717 1882 oceanum,
759 1818 910 1890 pertinere,
931 1820 1008 1889 quod
1027 1821 1101 1889 apud
1122 1817 1271 1873 Gaesarem
1291 1820 1325 1875 Β.

153 1896 261 1965 dequo
279 1894 325 1948 bic
342 1896 447 1964 agitur3
465 1895 500 1948 cf.
520 1899 543 1961 2,
561 1900 590 1965 13
608 1904 650 1949 est
668 1896 718 1965 igi·
761 1896 794 1951 G.
813 1896 840 1957 I,
860 1901 905 1957 29,
927 1902 949 1951 1.
978 1896 1080 1964 legitur
1104 1898 1141 1949 de
1167 1897 1269 1949 tabulis
1296 1897 1325 1951 in

154 1980 200 2025 tur
218 1972 453 2043 septentrionalis.
631 2008 644 2038 c
760 1974 857 2027 castris
876 1973 1067 2027 Helvetiorum
1087 1974 1205 2043 repertis
1225 1975 1326 2028 littoris

185 2050 442 2119 Asciburpiamqae]
462 2049 531 2104 Cod.
543 2050 574 2103 P.
589 2049 717 2102 Amidae·-
762 2049 884 2104 Graecia
902 2050 1051 2117 confectis,
1077 2050 1252 2123 inpromptu
1274 2060 1324 2105 est.

150 2127 287 2196 piamque.
305 2128 396 2181 Ceteri
410 2144 426 2179 o
440 2136 601 2181 constanter
612 2133 717 2181 tenent.
759 2126 1020 2197 Graecainscriptio
1029 2130 1102 2181 haud
1111 2128 1325 2185 dubieuonsuit.

186 2204 331 2273 ltodleqtae]
356 2204 401 2257 Ita
419 2205 448 2258 P.
467 2222 529 2259 cum
546 2206 621 2258 bona
637 2213 717 2275 parte
794 2206 887 2259 adbuc
912 2205 1029 2274 castore]
1061 2206 1124 2259 Hoc
1151 2222 1206 2259 non
1234 2207 1326 2277 potuit

152 2284 235 2336 codd.
254 2281 348 2336 Ceteri
358 2282 449 2335 laodic.
463 2279 717 2350 ctDialog.c.34,8.
759 2282 823 2351 dici,
837 2282 889 2335 nisi
902 2284 936 2335 ab
950 2282 1055 2335 recenti
1068 2282 1212 2353 scriptore.
1231 2282 1325 2347 Quare

185 2358 420 2429 corniculumque]
437 2360 558 2423 Lacuna,
571 2375 653 2429 quarn
667 2359 717 2412 ali·
758 2358 906 2431 probabile
924 2368 968 2413 est
981 2358 1109 2413 Tacitum
1128 2360 1157 2413 id
1175 2360 1326 2429 sumpsisse

153 2446 222 2507 quot
239 2440 321 2492 codd.
333 2445 399 2508 post
411 2439 483 2490 hanc
495 2452 592 2491 vocem
606 2439 717 2503 babent,
760 2456 796 2491 ex
815 2436 897 2490 Plinii
919 2454 1021 2505 magno
1046 2451 1132 2507 opere
1157 2438 1197 2490 de
1217 2434 1325 2491 bellis

152 2514 229 2567 nulla
246 2524 289 2569 est
306 2514 334 2567 in
347 2516 388 2579 P.‚
408 2532 500 2583 neque
518 2531 638 2583 unquam
657 2514 717 2569 fuit.
760 2514 999 2569 Germanicis.
1037 2516 1082 2567 Ad
1104 2516 1157 2567 hoc
1180 2516 1267 2567 verba
1283 2515 1327 2567 'ia

153 2591 267 2646 Scilicet
294 2601 355 2646 orta
381 2610 416 2647 ea
441 2592 537 2663 opinio
564 2609 613 2655 eo,
641 2594 718 2663 quod
760 2592 937 2659 conficio
961 2590 1133 2645 Germaniae
1154 2591 1326 2661 Raetiaeque

152 2670 262 2724 scribae
292 2669 434 2723 obiectum
468 2668 651 2737 requirebant
681 2672 717 2723 ad
761 2673 923 2735 ostendunt,
938 2669 985 2741 qni
1001 2671 1035 2722 de
1053 2669 1173 2723 salama
1191 2682 1326 2722 memora·

152 2747 333 2814 nominatam,
350 2764 406 2799 non
419 2747 545 2800 videntes
563 2747 591 2800 id
603 2748 719 2801 verbum
760 2748 844 2809 verit,
863 2748 954 2816 ipsum
971 2745 1009 2799 ibi
1028 2746 1122 2809 luisse,
1141 2746 1169 2799 id
1187 2748 1264 2816 quod
1282 2762 1326 2799 ca·
1411 2766 1414 2771 ·

151 2823 293 2895 pertinere
317 2826 351 2875 ad
371 2840 566 2893 praegressum
585 2825 719 2878 Ascibur-
761 2826 802 2879 dit
821 2826 848 2878 in
867 2824 994 2877 Plinium.

151 2902 249 2969 ptam:
262 2898 319 2953 Alii
337 2899 366 2953 id
383 2900 473 2971 ipsum
492 2902 609 2955 assecuti
630 2902 719 2955 Grae·
797 2918 829 2955 ca
855 2902 966 2971 inqendo
987 2928 1021 2940 —
1043 2901 1146 2971 fidam]
1188 2900 1327 2956 Universa

153 2977 193 3031 cis
219 2975 323 3031 litteris
353 2977 512 3033 maiusculis
541 2980 720 3033 inseruerunt
760 2982 860 3033 horum
878 2980 1026 3033 verborum
1044 2978 1182 3033 sententia
1201 2986 1256 3033 est:
1275 2980 1327 3035 too

152 3056 425 3122 AOKIHYPI'ION,
444 3059 521 3125 quod
542 3057 646 3111 deinde
671 3056 718 3110 alii
761 3058 831 3111 aliia
842 3057 987 3126 roliaqao;
1001 3072 1066 3110 nam
1079 3064 1110 3109 ut
1123 3058 1327 3125 domorofidont

153 3134 391 3189 aliterbarbarum
404 3133 431 3185 in
444 3136 559 3187 modum
571 3142 718 3190 mutarunt.
762 3134 832 3188 nibil
851 3135 927 3188 aliud
946 3142 988 3187 est
1008 3152 1090 3205 quam
1115 3132 1259 3205 refellere,
1287 3133 1327 3187 ita

187 3216 211 3265 4.
230 3210 322 3279 oram]
338 3210 355 3263 i.
368 3228 393 3265 e.
405 3220 613 3265 mouumentum
626 3211 719 3281 lapide
761 3212 869 3266 addere
881 3212 969 3281 fidem
986 3212 1069 3281 plane
1087 3212 1160 3265 idem
1178 3220 1264 3281 atquo
1279 3230 1326 3265 or·

153 3296 289 3341 structum
305 3298 333 3342 et
350 3286 450 3341 honori
468 3294 554 3359 atque
569 3289 719 3343 memoriae
760 3290 897 3358 pumentia
914 3290 1087 3357 confirmare.

153 3364 244 3419 Ulixis
275 3365 462 3431 destinatum
495 3366 531 3419 cf.
561 3365 629 3419 Sall.
655 3365 717 3436 Ing.
795 3364 843 3420 IV.
859 3372 882 3421 1.
900 3365 1248 3419 aatttaatttsattaram-
1264 3380 1326 3418 oca·

154 3448 196 3509 79,
216 3448 256 3497 10.
278 3441 521 3511 Carthaginienses
545 3444 577 3497 a'a
601 3460 633 3497 oo
658 3444 718 3497 loco
759 3442 862 3512 aubia]
893 3442 1047 3496 Pleonasmi
1072 3444 1213 3511 quoddam
1238 3458 1326 3511 genus

152 3520 363 3574 Plsa'lccas‘s
383 3521 595 3587 fratribus
624 3537 719 3581 orco
761 3522 853 3574 inesse
878 3520 905 3573 in
925 3520 1020 3575 verbis
1044 3520 1111 3574 aliia
1129 3520 1254 3573 aliorum
1278 3536 1326 3572 ne·

152 3614 428 3651 consecravere.
760 3597 821 3669 gari
845 3615 900 3651 non
920 3604 1028 3669 potest;
1054 3614 1118 3653 nam
1141 3597 1224 3668 plane
1250 3597 1326 3651 susti·

191 3676 279 3745 Ula'toa]
306 3675 437 3729 Dativum
457 3674 553 3729 valere
572 3677 609 3728 cd
630 3674 720 3744 Uriae,
761 3675 854 3729 ciebat
872 3675 1005 3730 aliarum.
1041 3676 1097 3729 Sed
1122 3676 1248 3729 consulto
1268 3674 1326 3728 Ta·

153 3755 230 3822 quod
243 3753 408 3823 interpretes
420 3752 527 3821 uolunt,
537 3753 610 3806 iusta
621 3770 719 3807 caussa
761 3752 831 3806 citus
855 3752 1007 3822 geminavit
1031 3768 1127 3816 voees,
1157 3768 1213 3821 quo
1237 3751 1325 3821 magis

153 3840 237 3902 atque
263 3829 462 3902 probabilitate
491 3839 587 3898 carct;
618 3830 718 3900 quodsi
760 3831 934 3885 diversitatis
951 3831 1041 3895 notio,
1068 3846 1141 3900 quae
1163 3829 1237 3883 inter
1255 3830 1326 3883 Ger·

153 3907 268 3963 Tacitus
285 3909 341 3963 boo
357 3908 452 3962 dicere
468 3908 617 3975 voluisset,
633 3907 718 3961 nimia
760 3924 857 3962 manos
887 3916 1052 3979 ceterosque
1078 3908 1212 3961 barbaros
1241 3906 1325 3961 inter·

153 4004 186 4039 ac
199 4003 313 4057 prorsus
328 3985 427 4040 vitiosa
444 3983 626 4054 ambiguitate
644 3993 719 4039 esset
760 3986 893 4049 cedebat,
916 3986 1065 4051 emineret,
1088 3984 1128 4039 ita
1146 3982 1273 4056 quidam,
1295 3994 1326 4039 ut
1350 4028 1353 4037 ,

152 4080 227 4118 usus.
264 4062 484 4128 Quaerentibus,
511 4080 528 4116 a
551 4060 718 4131 quibusnam
759 4063 883 4117 oliorum
897 4066 1043 4119 notionum
1057 4064 1138 4135 quasi
1155 4080 1206 4134 per
1223 4080 1325 4135 epexe-

153 4140 230 4195 Ulixi
247 4158 295 4195 ara
312 4140 361 4193 illa
379 4149 542 4201 consecrata
559 4141 655 4205 fuerit,
672 4157 717 4195 re·
759 4140 840 4211 gasin
859 4142 927 4195 otiis
944 4142 1101 4195 accuratius
1118 4142 1250 4196 declaret.
1281 4142 1326 4196 Li·

152 4220 405 4289 spondendumost,
416 4218 717 4283 nonaGermanis‚ssd
759 4226 804 4272 cet
822 4222 920 4273 eodem
939 4222 1021 4273 modo
1035 4219 1215 4274 Germanice:
1236 4222 1326 4275 dawclt

134 4287 169 4348 'a
186 4295 334 4350 comitibus
351 4296 408 4349 auis
426 4312 610 4366 errorumque
627 4297 717 4351 sociis.
759 4298 838 4350 tatae
848 4300 972 4351 andorra
982 4298 1135 4352 Hetrotlran
1143 4298 1325 4351 mdoadmca

189 4373 311 4429 Granis
324 4373 426 4427 litteris
439 4374 597 4444 imcraptoa]
617 4374 649 4428 ln
663 4377 718 4429 bac
765 4374 976 4429 Volkatdmmca.

151 4452 227 4506 tans
248 4451 415 4506 illusuauda
441 4459 470 4505 et
493 4455 531 4506 ad
554 4468 650 4507 aarum
674 4466 717 4507 re·
793 4452 921 4522 infector]
947 4453 963 4507 i.
982 4470 1006 4507 s.
1030 4452 1131 4509 mixtos
1157 4468 1250 4522 eoque
1274 4453 1324 4507 de·
