3067 4867
165 381 218 435 Du
231 378 435 446 FONTIBUS,
450 370 737 435 UNDE-TACITUS
755 379 828 435 RES
846 377 1055 434 NARRATAS
1073 380 1278 436 HAUSERIT.
1313 353 1347 448 5Ὶ

165 552 262 630 39,1.
284 544 536 631 „Vctastmamos
556 574 587 617 ac
607 544 869 636 acbdiasimoaqua
889 553 1057 619 Sameram
1072 543 1237 619 Semnones
1257 577 1333 619 mc-

163 675 329 728 morant.
337 667 356 697 “
402 663 496 726 Haec
525 661 633 726 omnia
664 661 764 748 igitur
794 673 941 728 accurate
973 662 1056 728 inter
1088 685 1122 728 se
1151 665 1333 750 composita

165 794 236 836 eam
257 773 321 837 vim
342 772 473 849 babent,
495 783 531 836 ut
549 775 603 836 vix
622 773 689 836 ulla
705 772 865 838 dubitatio
888 774 1088 859 relinquatur
1108 775 1142 838 in
1157 775 1333 843 Germania

163 883 263 947 luisse
281 882 449 948 'Tacitum
492 881 595 965 Quod
619 883 742 948 sivero
765 884 951 962 coniicitur,
974 885 1190 963 insontibus,
1215 886 1332 970 quibus

163 1015 242 1058 usus
263 1003 320 1072 est,
343 993 448 1079 primo
470 994 544 1059 loco
565 995 719 1081 ponenda
740 1006 790 1059 est
812 997 954 1062 auctoris
977 991 1136 1086 αὐτοψία,
1161 997 1334 1062 coniuncta

163 1103 218 1167 illa
244 1126 317 1168 cum
345 1104 477 1192 linguae
505 1105 615 1189 aliqua
642 1105 845 1192 cognitione,
878 1129 942 1192 qua
969 1106 1096 1170 adiutus
1119 1106 1208 1171 baud
1230 1129 1334 1193 pauca

163 1235 204 1279 ex
224 1215 340 1280 incolis
361 1216 587 1294 sciscitaretur,
610 1237 694 1302 quae
716 1216 798 1281 scire
820 1217 889 1282 eius
909 1216 1004 1281 valde
1025 1217 1185 1283 intererat.
1227 1217 1333 1286 Simul

162 1325 209 1389 ita
230 1348 288 1412 per
309 1347 346 1391 se
367 1326 536 1392 conficitur
558 1328 706 1412 quaestio
734 1327 776 1392 de
804 1327 869 1393 fide
891 1327 1007 1397 Taciti.
1061 1329 1156 1411 Quae
1179 1351 1278 1416 quum
1300 1329 1333 1393 in

162 1435 348 1501 universum
363 1459 402 1502 eo
417 1448 560 1514 constet,
575 1447 612 1502 ut
630 1437 768 1524 scriptor
783 1455 898 1504 verum¹
909 1438 1017 1503 dicere
1034 1449 1065 1503 et
1080 1439 1155 1503 velit
1171 1451 1202 1504 et
1217 1440 1331 1527 possit,

163 1546 205 1612 de
226 1547 326 1612 altero
350 1570 445 1613 nemo
476 1545 651 1626 dubitabit,
684 1549 740 1634 qui
763 1548 915 1614 Tacitum
943 1549 1084 1626 noverit,
1115 1550 1259 1614 veritatis
1289 1550 1333 1613 ita

164 1657 355 1737 studiosum,
377 1669 414 1723 ut
431 1680 526 1724 nemo
546 1657 609 1724 hoc
626 1659 755 1725 nomine
777 1681 850 1723 eum
870 1671 1009 1746 superet.
1053 1661 1207 1726 Potuisse
1226 1671 1332 1726 autem

162 1790 239 1834 vera
266 1769 407 1850 tradere,
437 1771 494 1856 qui
522 1769 594 1856 ipse
616 1770 754 1856 plurima
780 1780 848 1836 tum
872 1771 1023 1848 vidisset,
1052 1783 1122 1835 tum
1147 1771 1187 1836 ab
1217 1770 1331 1836 incolis

163 1880 359 1966 accepisset,
388 1902 499 1946 omnes
522 1881 718 1959 concedent,
749 1880 823 1968 qui,
854 1904 937 1965 quae
960 1901 1059 1967 supra
1088 1879 1332 1968 disputavimus,

162 2012 229 2055 non
257 1991 518 2078 improbaverint.
564 1992 771 2076 Quamquam
799 2014 893 2057 nemo
921 1991 1038 2058 dixerit
1063 2003 1237 2079 propterea
1260 2015 1334 2056 eum

162 2100 196 2164 in
219 2101 356 2188 singulis
379 2124 484 2167 errare
505 2101 707 2188 nequivisse3
731 2102 831 2168 errori
853 2103 938 2167 enim
957 2093 1051 2168 nemo
1070 2126 1137 2168 ncn
1155 2102 1333 2178 obnoxius;

163 2211 220 2276 sed
244 2211 306 2277 hoc
334 2235 394 2299 pro
417 2222 506 2278 certo
529 2211 714 2277 habendum
742 2223 807 2290 est,
837 2214 877 2277 iis
901 2213 1079 2294 erroribus,
1110 2213 1168 2299 qui
1194 2214 1343 2286 levitate,x

161 2321 297 2399 incuria,
320 2323 458 2402 inscitia,
481 2323 690 2410 perversitate
712 2323 836 2409 ingenii
860 2325 1016 2405 oriuntur,
1040 2345 1172 2409 prorsus
1195 2325 1332 2390 liberum

162 2433 273 2501 fuisse.
348 2433 352 2438 ’

245 2543 347 2609 Haud
368 2545 467 2630 paulo
489 2543 650 2609 difficilior
673 2545 820 2628 quaestio
845 2553 909 2621 est,
933 2554 965 2608 et
987 2567 1071 2630 quae
1093 2545 1144 2608 vix
1170 2546 1212 2609 ad
1234 2544 1332 2630 liqui·
1356 2545 1360 2552 '

163 2654 240 2720 dum
262 2654 397 2742 perduci
420 2654 541 2740 possit,
564 2676 630 2738 quo
652 2668 799 2741 tempore
822 2655 956 2720 Tacitus
978 2655 1184 2720 Germaniam
1205 2655 1332 2734 viderit,

85 2828 93 2833 .
162 2787 313 2852 quaeque
340 2786 393 2830 res
421 2787 535 2830 caussa
558 2764 671 2840 luerit,
702 2775 738 2829 ut
762 2788 833 2831 eam
859 2775 975 2830 terram
996 2764 1106 2830 adiret.
1153 2766 1193 2830 In
1216 2767 1332 2831 Prole-

163 2875 310 2962 'gomenis
343 2875 385 2939 ad
416 2875 605 2961 Agricolam
639 2898 670 2962 p.
691 2875 720 2940 2.
750 2888 782 2940 et
813 2876 860 2941 12.
895 2875 1091 2940 coniecimus
1125 2875 1227 2940 videri
1260 2898 1332 2940 eum

163 2985 455 3064 adolescentulum,
478 2986 505 3049 si
527 2986 625 3050 modo
647 2987 732 3052 filius
754 2986 850 3050 iuterit
872 2985 1090 3073 procuratoris
1110 2986 1236 3052 Galliae
1257 2987 1332 3051 Bel-

163 3096 256 3182 gicae
277 3120 297 3160 a
318 3095 427 3160 Plinio
449 3098 493 3160 H.
515 3097 658 3173 N.-Vll,
683 3098 732 3176 16,
755 3096 803 3163 76.
829 3096 1084 3172 commemorati,
1115 3107 1249 3184 propter
1272 3120 1332 3183 pa-

134 3220 139 3228 '
162 3207 246 3275 terni
268 3205 365 3271 olficii
384 3207 543 3272 rationem
562 3230 630 3273 non
649 3208 754 3273 solum
773 3207 806 3271 in
823 3209 966 3274 confinio
980 3208 1175 3276 Germaniae
1192 3195 1332 3294 degisse,

164 3317 222 3382 sed
254 3316 332 3380 inde
364 3316 460 3381 etiam
493 3317 526 3381 in
559 3320 666 3404 ipsam
695 3318 906 3384 Gennaniam
935 3317 1111 3384 transiisse.
1165 3317 1233 3384 Sed
1262 3339 1332 3382 eam

162 3427 372 3501 sententiam,
402 3449 595 3514 quamquam
625 3451 683 3514 per
711 3448 745 3493 se
774 3451 840 3494 non
863 3429 1036 3505 absonam,
1067 3449 1153 3493 nunc
1174 3451 1240 3492 non
1264 3451 1332 3492 am-

162 3536 248 3622 plius
270 3537 423 3601 tuendam
445 3537 598 3616 arbitror,
626 3541 703 3624 quia
724 3538 866 3604 tantulae
889 3539 1003 3605 aetatis
1026 3561 1101 3604 non.
1114 3540 1241 3605 videtur
1262 3539 1331 3603 ani·
1382 3610 1385 3618 ¹

162 3669 249 3711 mum
277 3647 318 3712 ad
346 3647 428 3712 tales
455 3669 522 3726 res,
553 3649 664 3734 quales
687 3649 821 3714 Tacitus
847 3648 880 3712 in
898 3649 1096 3716 Germaniae
1118 3648 1227 3714 libello
1254 3673 1331 3736 pro-

164 3756 256 3837 didit,
280 3755 498 3823 observandas
520 3759 833 3846 cognoscendasque
855 3760 1029 3847 appellere,
1053 3749 1177 3847 quippe
1197 3783 1332 3845 quarum
1435 3762 1439 3769 '

163 3866 345 3954 exploratio
377 3880 536 3933 maturum
566 3869 731 3955 ingenium
764 3869 998 3958 subactumque
1030 3870 1186 3936 iudicium
1215 3871 1331 3956 exigat.

164 3974 276 4059 Quare
297 3977 362 4042 iam
385 4002 424 4045 eo
446 3979 578 4057 inclino,
601 3991 636 4043 ut
658 3989 795 4046 statuam
815 3981 976 4061 Tacitum,
999 3980 1054 4067 qui
1078 4004 1105 4048 a.
1129 3981 1178 4046 88.
1201 4003 1234 4068 p.
1256 3980 1332 4048 Chr.

162 4111 194 4154 n.
220 4098 372 4175 praetura
404 4091 592 4176 perfunctus
622 4111 681 4176 per
712 4091 959 4175 quadriennium
991 4115 1024 4157 se
1054 4093 1160 4158 Roma
1190 4091 1333 4157 abluisse

162 4207 300 4264 testatur
327 4200 452 4287 (Agric.
476 4223 502 4267 c.
523 4200 581 4279 45,
603 4201 662 4281 6.),
695 4201 778 4266 illud
811 4212 938 4289 tempus
968 4227 1034 4268 non
1063 4201 1140 4267 alibi
1173 4223 1269 4286 quam
1298 4203 1333 4266 in

163 4307 340 4375 Germania
369 4311 575 4395 transegisse
630 4309 706 4376 Non
738 4311 952 4398 improbabile
984 4314 1067 4378 enim
1100 4313 1227 4378 videtur
1259 4333 1333 4376 eum

162 4417 348 4506 legionibus
371 4419 566 4488 Germaniae
594 4423 771 4524 superioris
801 4422 852 4487 vel
877 4421 1038 4489 inferioris
1065 4401 1209 4510 legatum
1237 4443 1331 4508 prae-
