3067 4867
644 348 875 416 rainelmo
1121 359 1122 362 ¹
1301 308 1351 412 xr'

174 531 355 600 simulhoc
376 528 528 598 ellectum
551 541 618 610 eet,
638 542 675 594 ut
694 530 808 610 multe,
829 543 912 614 quae
934 527 987 594 alii
1009 526 1092 592 laiso
1115 525 1280 613 legissent,
1303 526 1344 592 ab

177 645 249 710 aliis
279 653 366 708 recte
395 642 596 728 legerentur,
627 641 775 725 adeoque
801 639 956 706 nonnulla
984 638 1055 726 ipse
1082 638 1253 703 Pontanus
1278 658 1344 702 non

82 835 86 839 Ι
179 762 422 843 assequeretur,
451 775 536 837 quae
557 751 663 817 minus
687 751 776 816 docti
797 760 893 835 atque
915 749 1055 814 accurati
1078 759 1164 813 recte
1187 758 1345 817 eruerent.

176 867 216 931 In
240 865 424 930 universum
445 872 551 928 tamen
574 861 637 927 hoe
652 873 773 927 certum
797 871 855 938 est,
877 859 910 924 in
932 860 1133 926 emendando
1151 857 1346 928 Germaniae

175 987 265 1041 textu
288 995 367 1061 prae
393 973 509 1038 ceteris
531 971 699 1038 codicibus
721 971 866 1036 Pontani
895 991 968 1035 esse
990 969 1204 1054 sequendum,
1233 969 1345 1056 proxi-

175 1108 263 1150 mum
285 1085 395 1150 locum
416 1104 473 1149 eos
496 1083 651 1159 obtinere,
675 1081 731 1170 qui
752 1081 891 1146 maxime
913 1100 985 1145 cum
1008 1100 1046 1145 eo
1067 1080 1271 1168 conspirent,
1294 1101 1346 1145 re-

176 1196 285 1281 liquos
310 1205 417 1259 autem
445 1194 479 1258 in
502 1189 685 1258 subsidium
705 1203 829 1256 tantum
852 1190 1076 1268 advocandos,
1103 1190 1161 1255 ubi
1189 1212 1228 1256 ex
1251 1191 1346 1258 variis

175 1304 435 1370 aberrationibus
456 1303 643 1369 coniectura
673 1303 714 1367 de
736 1301 899 1389 primitiva
925 1301 1088 1386 scriptura
1116 1301 1265 1368 facienda
1288 1313 1346 1370 est.

178 1416 312 1484 Summa
340 1414 458 1501 peritia
484 1413 519 1477 id
547 1413 625 1478 lecit
649 1411 885 1478 Mauricius
914 1413 1144 1498 Hauptius,
1174 1411 1247 1500 qui,
1281 1433 1346 1500 quo

176 1501 278 1612 pollet
300 1527 466 1602 acumine,
495 1525 618 1612 primus
640 1523 724 1588 vidit
744 1522 786 1586 ad
806 1521 1003 1587 Pontaniani
1032 1521 1155 1586 codicis
1177 1533 1347 1609 praestan·

177 1635 256 1700 tiam
277 1634 424 1722 proxime
446 1635 600 1701 accedere
622 1633 801 1700 Vaticanus
823 1634 855 1696 A
875 1641 907 1696 et
932 1630 970 1708 C,
993 1631 1163 1717 tribusque
1185 1633 1235 1698 his
1256 1631 1346 1698 libris

176 1755 331 1830 tanquam
352 1745 561 1809 fundamento
585 1767 664 1809 usus
688 1753 747 1821 est,
770 1743 822 1808 cui
838 1753 1021 1808 accuratam
1042 1743 1212 1808 verborum
1234 1765 1347 1809 recen·

176 1855 302 1920 sionem
323 1865 567 1942 superstrueret.
611 1855 693 1920 Eam
721 1853 756 1917 in
779 1853 839 1917 hac
863 1853 1021 1930 editione,
1049 1868 1085 1917 ut
1107 1875 1166 1940 par
1188 1866 1273 1932 erat,
1302 1854 1367 1918 ita,

177 1965 279 2031 secuti
302 1987 432 2043 sumus,
459 1973 495 2030 ut
518 1967 552 2029 in
574 1964 688 2050 paucis
710 1962 809 2027 modo
840 1962 880 2027 ab
906 1963 1081 2028 acutissimi
1106 1973 1137 2028 et
1160 1963 1346 2050 peritissimi

175 2076 278 2141 critici
300 2075 461 2141 sententia
483 2074 733 2140 discederemus.
779 2073 880 2156 Quod
900 2074 1020 2162 quibus
1047 2075 1127 2140 locis
1152 2075 1272 2140 lactum
1296 2075 1347 2152 sit,

179 2185 232 2251 hic
253 2185 478 2252 indicabimus.

229 2401 330 2463 Huius
350 2401 497 2463 editionis
516 2401 681 2479 scriptura.
783 2397 984 2476 Hauptianae
1002 2398 1149 2460 editionis
1167 2398 1331 2479 scriptura

177 2521 215 2587 Π,
233 2527 258 2577 4.
276 2539 379 2576 nomeu
397 2521 425 2576 in
443 2521 534 2593 gentis
553 2520 689 2576 evaluisse
785 2537 894 2584 nomen,
915 2537 972 2573 non
990 2519 1089 2588 gentis,
1107 2521 1245 2576 evaluisse

178 2607 230 2673 III,
249 2611 274 2663 2.
299 2624 352 2662 nec
374 2614 431 2661 tam
453 2624 536 2662 voces
558 2608 623 2662 illae
641 2637 676 2647 —
701 2605 743 2660 vi·
786 2623 838 2660 nec
856 2614 913 2660 tam
933 2605 1010 2660 vocis
1029 2605 1077 2658 ille
1097 2635 1129 2644 -
1150 2606 1268 2662 videtur.

229 2694 338 2747 dentur.

178 2778 231 2847 ΠΙ,
250 2784 274 2834 3.
295 2778 407 2834 Ulixem
786 2777 890 2831 Ulixen

179 2863 231 2929 ΙΠ,
248 2871 274 2921 3.
294 2862 540 2932 nominatumque3
786 2861 1053 2932 nominatumque..
1067 2903 1073 2917 .
1088 2903 1094 2916 .
1107 2903 1114 2917 .
1127 2903 1134 2918 .
1148 2881 1155 2916 ε

166 2951 215 3016 V,
232 2955 256 3006 2.
275 2950 409 3019 fecunde3
428 2949 478 3004 sed
785 2947 915 3014 fecunda,
936 2950 986 3002 sed

179 3036 215 3100 V,
234 3042 260 3092 4.
281 3036 402 3090 utilitate
785 3033 892 3089 vilitate

179 3121 215 3186 V,
234 3127 259 3177 5.
278 3120 458 3176 affectatione
786 3118 936 3177 effectione

180 3207 243 3270 VII,
262 3212 287 3262 3.
306 3206 420 3261 auditur
786 3205 877 3261 audiri

178 3293 259 3357 VIII,
276 3299 298 3348 1.
316 3291 474 3364 puellae—
490 3289 608 3345 nobiles.
786 3293 951 3362 puellae-
967 3288 1087 3344 nubiles.

179 3376 230 3441 IX,
249 3382 274 3432 2.
294 3377 412 3431 Martem
786 3379 906 3433 Martem
928 3385 956 3432 et
977 3376 1130 3432 Herculem

178 3462 231 3529 XI,
249 3468 275 3518 3.
294 3470 327 3516 ut
344 3465 444 3517 turbae
462 3461 569 3535 placuit
786 3471 818 3517 ut
836 3466 920 3518 turba
938 3462 1045 3534 placuit

178 3548 261 3614 XIII,
279 3553 303 3604 2.
322 3549 472 3618 assignant.
508 3547 615 3603 Ceteris
786 3550 944 3620 assignant:
964 3553 1049 3604 ceteri

56 3660 65 3680 ν
179 3633 260 3699 XIII,
279 3639 303 3690 3.
327 3637 381 3688 hae
399 3634 485 3704 vires3
509 3650 612 3704 magno
636 3663 670 3674 -
692 3633 745 3688 cir·
786 3636 840 3689 hae
858 3635 939 3699 vires,
958 3651 1106 3704 magno-
1121 3633 1303 3709 circumdarir
1322 3639 1350 3694 in

231 3720 354 3775 cnmdmi
375 3720 403 3774 in
420 3735 492 3791 pace
841 3736 911 3790 pace

178 3806 243 3870 XV,
264 3813 287 3862 1.
306 3807 424 3861 multum
443 3805 590 3862 venadbus
787 3824 842 3860 non
862 3806 977 3861 multum
995 3810 1139 3878 venatibus

179 3892 257 3957 XVI,
276 3898 300 3948 3.
319 3891 487 3966 lineamenta
506 3891 630 3946 colorum
787 3891 957 3946 lineamenta
973 3893 1099 3950 locorum

180 3979 287 4043 XVHI,
306 3985 331 4034 4.
350 3976 489 4048 accipiant
505 3993 609 4044 rursus,
628 3996 700 4050 qnae
788 3976 928 4049 accipient
945 3996 1098 4052 rursusque

180 4063 261 4129 XIX,
281 4071 305 4122 1.
323 4062 420 4118 accisis
442 4062 564 4119 crinibus
737 4119 742 4130 ,
789 4061 903 4118 abscisis
925 4064 1046 4119 crinibus

179 4149 261 4212 XIX,
279 4155 303 4206 2.
323 4168 379 4203 non
398 4149 497 4214 forma,
516 4168 573 4205 non
592 4158 683 4204 aetate
788 4168 844 4204 non
863 4149 951 4202 forma

180 4235 261 4297 xxi,
280 4240 302 4291 3.
322 4236 411 4289 rictus
431 4235 503 4290 inter
518 4235 643 4307 hospites
661 4235 746 4290 comis
790 4234 911 4288 vinclum
928 4234 1001 4289 inter
1018 4237 1141 4309 hospites
1161 4239 1274 4295 comites

180 4319 315 4382 xx11.3.
334 4321 454 4376 omniurn
467 4337 559 4394 meus;
573 4327 687 4394 postera
700 4320 747 4377 die
791 4319 911 4376 omnium
933 4339 1008 4378 mens
1027 4335 1140 4394 postera
1158 4325 1203 4384 die
1222 4335 1354 4382 retracta·

236 4415 411 4474 remetietur,
842 4414 904 4482 tur3
