3067 4867
285 411 335 466 ns
355 405 488 495 raom
506 406 548 463 m
566 405 784 462 scuranum
804 405 1010 462 annulum
1030 405 1219 461 cousrmo.
1297 407 1337 474 13

169 586 244 654 loco
266 582 403 673 proferri
425 582 548 669 potuit,
571 605 668 668 qnam
690 580 747 645 ubi
770 579 906 644 Tacitus
928 577 1143 644 narrationem
1165 578 1206 645 de
1225 579 1338 662 Civilis

170 696 256 763 bello
284 695 450 782 ingressus
480 703 538 761 est.
590 693 658 760 Sed
686 694 743 779 qui
771 690 1036 768 consideraverit,
1067 713 1152 779 quae
1181 690 1222 756 de
1243 713 1283 756 ea
1304 713 1338 757 re

170 808 203 872 in
227 804 314 875 Hiar.
336 806 397 884 IV,
422 805 525 879 12,1.
553 802 722 890 leguntur:
751 803 795 868 Id
823 803 932 867 bellum
954 805 1062 886 quibas
1086 806 1201 867 caussis
1228 816 1338 883 ortum,

172 931 285 1004 quanto
313 929 574 983 aeternarum
601 916 812 1001 comarumque
839 915 1016 999 pontium
1044 926 1128 977 moto
1144 913 1338 1000 stupraverit,

171 1031 298 1095 altius
320 1029 541 1114 capediam,
571 1046 720 1110 quaeque
747 1023 780 1087 in
804 1021 1014 1108 sequentibus
1043 1023 1166 1110 passim
1190 1024 1231 1088 de
1255 1023 1339 1090 Ger-

170 1139 276 1204 manis
297 1138 477 1214 traduntur,
499 1135 605 1213 facile,
627 1135 690 1200 nisi
712 1157 845 1221 prorsus
869 1143 1057 1200 occaecatus
1081 1145 1145 1213 est,
1171 1135 1339 1222 intelliget,

172 1272 278 1335 neque
298 1249 367 1315 boc
394 1249 468 1313 loco
495 1247 644 1312 Tacitum
673 1246 714 1310 de
740 1245 913 1310 inserendo
942 1255 1005 1309 tam
1035 1246 1162 1332 prolixo
1189 1247 1338 1333 episodio

171 1361 345 1446 cogitasse,
373 1360 481 1443 neque
502 1357 565 1422 alio
591 1357 657 1422 sive
680 1357 788 1443 priore
811 1356 877 1422 sive
900 1356 1079 1442 posteriore
1100 1356 1173 1423 loco
1196 1357 1340 1444 cogitare

171 1470 328 1558 potuisse.
373 1469 486 1552 Quare
508 1468 650 1534 concidit
671 1478 774 1533 totum
796 1467 859 1533 boe
882 1467 923 1532 de
939 1466 1115 1533 Germania
1136 1490 1209 1532 eum
1224 1467 1339 1532 Histo-

171 1583 228 1648 riis
250 1583 425 1646 coniuncta
443 1581 647 1667 figmentum,
671 1601 709 1644 ac
731 1601 791 1665 pro
814 1601 903 1644 mero
926 1578 1052 1643 somnio
1075 1577 1260 1643 habendum
1282 1589 1339 1647 est.

255 1692 349 1757 Idem
376 1691 461 1756 valet
490 1691 531 1755 de
558 1713 669 1755 eorum
695 1691 864 1775 opinione,
895 1689 952 1777 qui
975 1689 1168 1756 Germaniae
1196 1689 1357 1766 libellum,

172 1812 305 1868 censent
324 1825 390 1867 non
409 1801 570 1867 excidisse
590 1801 722 1887 quidem
743 1822 783 1866 ex
798 1800 964 1877 Historiis,
984 1801 1042 1866 sed
1068 1793 1214 1886 tanquam
1237 1825 1342 1866 eoram

168 1937 404 2000 praecursorem
430 1937 463 1978 eo
485 1914 611 1977 conadio
633 1925 702 1978 onte
724 1913 792 1976 illas
820 1913 948 1990 editum,
976 1923 1024 2000 ot,
1052 1933 1150 1998 quum
1177 1910 1342 1997 aliquanta

172 2047 276 2089 rerum
307 2047 398 2110 pars,
429 2046 510 2110 quas
538 2022 673 2088 Tacitus
702 2023 735 2086 in
763 2021 826 2086 illis
855 2021 1061 2109 expositurus
1092 2031 1193 2100 esset,
1224 2023 1275 2086 vel
1307 2023 1341 2086 in

172 2135 350 2214 Germania
385 2134 439 2200 vel
472 2156 491 2197 a
520 2133 693 2200 Germanis
727 2143 820 2219 gesta
854 2143 957 2210 esset,
998 2135 1119 2198 lectores
1152 2157 1205 2197 aas
1236 2134 1342 2198 melius

171 2247 385 2332 intelliporent,
415 2245 442 2309 si
465 2244 621 2332 peculiari
649 2243 808 2330 opusculo
837 2245 901 2308 iam
929 2254 1003 2308 ante
1031 2243 1065 2307 in
1092 2242 1278 2308 universum
1302 2243 1343 2308 de

171 2357 212 2421 iis
239 2356 362 2421 dictum
392 2366 486 2421 esset.
531 2355 596 2422 Vix
623 2355 708 2420 enim
739 2377 933 2439 quemquam
964 2375 1035 2420 esse
1061 2353 1257 2440 putaverim,
1286 2353 1342 2439 qui

172 2491 238 2532 non
260 2465 386 2544 videat,
417 2465 497 2531 nihil
518 2465 696 2552 excogitari
718 2487 834 2551 posse,
864 2463 952 2549 quod
973 2474 1080 2529 rectae
1100 2463 1217 2528 rationi
1240 2465 1342 2550 magis

171 2587 350 2663 repugnet,
384 2588 417 2642 et
446 2599 467 2640 a
493 2598 584 2642 more
612 2586 711 2663 atque
738 2575 872 2661 ingenio
904 2583 1045 2639 veterum
1072 2575 1244 2660 Tacitique
1276 2585 1343 2640 arte

173 2690 277 2772 magis
292 2686 477 2771 abhorreat,
500 2709 597 2772 quam
618 2686 735 2752 librum
756 2707 962 2773 componere,
987 2687 1056 2770 qui,
1078 2696 1115 2750 ut
1135 2685 1342 2773 intelligatur,

106 2834 109 2840 ·
174 2799 273 2863 alium
292 2797 410 2862 librum
432 2809 557 2884 poscat.
603 2797 704 2880 Quod
729 2820 828 2882 quum
851 2819 909 2882 per
933 2818 967 2860 se
992 2796 1166 2862 absurdum
1188 2797 1246 2874 sit,
1275 2807 1343 2863 tum

174 2932 213 2974 eo
241 2910 279 2973 fit
306 2908 494 2986 absurdius,
528 2909 618 2994 quod
645 2907 728 2973 liber
757 2907 968 2993 explicandus
999 2907 1144 2973 nondum
1176 2908 1343 2973 absolutus

173 3019 250 3098 luit,
273 3019 331 3084 sed
353 3031 430 3106 post
451 3020 560 3105 plures
585 3019 711 3084 demum
735 3042 838 3085 annos
861 3019 1040 3104 evulgatus.
1084 3017 1124 3084 Id
1147 3028 1254 3084 autem
1277 3043 1343 3085 non

173 3139 349 3217 reputasse⁴
365 3130 533 3207 Tacitum,
562 3129 727 3196 hominem
749 3151 946 3195 summorum
970 3129 1166 3206 studiorum,
1198 3130 1343 3195 acerrimi

174 3241 300 3319 iudicii,
318 3241 477 3306 maximae
496 3239 657 3305 scribendi
678 3241 787 3305 artisi·
810 3242 987 3326 Ignorassc
1004 3264 1087 3318 eum,
1103 3241 1344 3307 vitiosissimam

175 3374 247 3417 esse
270 3351 375 3417 omnis
397 3351 471 3416 libri
493 3349 627 3416 formam
652 3362 750 3437 atque
773 3352 1059 3439 compositionem,
1083 3352 1116 3415 in
1139 3373 1204 3438 quo
1227 3352 1343 3431 desint,

175 3485 258 3548 quae
278 3462 320 3528 ad
337 3461 582 3547 intelligendum
600 3461 784 3526 necessaria
803 3463 898 3528 sunt?
935 3461 1075 3527 Prorsus
1092 3462 1128 3526 id·
1145 3462 1343 3532 incredibile.

173 3574 213 3639 In
236 3573 310 3660 ipsa
331 3573 508 3639 Germania
529 3594 733 3659 veroquam
760 3596 802 3638 ne
828 3573 961 3638 minima
988 3573 1119 3658 quidem
1149 3573 1342 3658 significatio

141 3743 145 3749 .
175 3685 232 3762 sit,
255 3663 336 3749 eam
369 3681 411 3747 ob
443 3683 607 3748 Historias
642 3683 767 3768 aliquot
799 3687 892 3749 annis
925 3693 1000 3770 post
1034 3684 1231 3769 evulgandas
1264 3708 1342 3751 con-

175 3794 328 3881 scriptam
358 3815 448 3872 esse,
481 3815 576 3859 nemo
606 3794 788 3882 aequalium
819 3795 949 3880 assequi
982 3795 1159 3882 potuisset,
1193 3818 1259 3880 quo
1287 3797 1344 3862 illa

174 3905 364 3992 pertineret,
394 3917 450 3969 aut
479 3904 558 3989 quid
585 3904 716 3970 omnino
747 3905 809 3971 sibi
836 3906 939 3974 vellet..
992 3907 1086 3989 Quae
1113 3905 1221 3972 omnia
1243 3929 1341 3992 quum

173 4016 259 4081 insta
284 4016 411 4080 ratione
439 4025 587 4094 careant,
617 4016 764 4102 proiecto
794 4017 898 4082 maior
923 4017 1042 4082 iniuria
1063 4017 1341 4104 praestantissimo

174 4126 326 4213 scriptori
356 4125 467 4191 inferri
496 4148 561 4191 non
590 4136 716 4213 potest,
750 4150 846 4212 quam
875 4127 902 4193 si
932 4129 1004 4215 quis
1034 4137 1099 4192 tam
1129 4128 1240 4217 inepta
1269 4153 1341 4197 eum

174 4236 311 4304 consilia
332 4248 477 4302 secutum
501 4258 573 4301 esse
595 4237 689 4302 dicat.

257 4348 412 4435 Denique
431 4348 574 4426 fuerunt,
597 4347 669 4434 qui,
693 4349 770 4434 quia
790 4348 986 4414 Germaniae
1009 4347 1143 4435 eiusque
1165 4349 1342 4416 incolarum

175 4458 368 4545 descriptio,
401 4480 474 4524 curn
502 4459 716 4540 recentiorum
747 4458 1010 4545 geographorum
1040 4471 1137 4548 atque
1167 4459 1341 4545 ethnogra
