3067 4867
311 284 362 339 DE
382 282 606 357 meardenae
627 282 918 344 compositiores
934 282 983 340 Ee
1000 282 1190 338 CONSILIO.
1293 285 1332 351 19

158 492 225 537 uon
251 481 316 538 tam
343 471 474 557 pietatis
506 482 751 537 munumentum
778 492 875 555 quam
904 472 1065 557 perfectae
1092 469 1169 537 artis
1199 469 1330 557 biogra-

160 580 276 667 phicae
304 582 468 667 specimen
498 603 570 647 esse
601 580 796 650 habendum.
839 580 942 663 Quod
970 580 1143 665 quominus
1166 578 1330 667 probetur,

152 690 222 775 boc
251 690 376 769 obstat,
411 691 501 776 quod
529 690 665 757 Tacitus
697 690 731 755 in
759 689 857 756 rebus
887 692 1061 777 Agricolae
1090 690 1257 756 tradendis
1285 690 1332 757 ite

159 811 304 868 versatus
325 810 385 879 est,
406 814 443 867 ut
465 811 631 887 appareat,
655 823 729 867 eum
750 822 817 867 non
838 800 873 865 id
895 802 1020 886 egisse,
1041 811 1078 864 ut
1100 799 1237 885 singulis
1257 799 1330 885 qui-

158 911 288 995 busque
317 932 415 995 quam
444 910 685 977 accuratissime
714 910 948 997 persequendis
974 910 1195 996 plenissimam
1220 920 1253 973 et
1273 931 1332 996 per

160 1020 270 1087 omnia
297 1020 477 1105 aequaliter
504 1021 694 1087 illustratam
724 1020 900 1106 imaginem
930 1020 1014 1085 vitae
1038 1020 1141 1086 soceri
1164 1020 1215 1086 sui
1238 1019 1330 1087 exhi·

159 1130 259 1198 beret.
304 1130 411 1197 Multa
431 1130 533 1208 enim,
564 1154 647 1217 quae
670 1132 712 1195 ed
735 1130 924 1215 Agricolam
947 1130 1044 1216 plane
1066 1131 1332 1215 cognoscendum

159 1240 209 1305 vel
238 1240 353 1325 utique
382 1241 582 1317 necessaria,
618 1240 667 1305 vel
706 1240 878 1307 utilissima
911 1250 943 1306 et
973 1239 1205 1305 iucundissima
1231 1253 1331 1315 erant,

160 1348 288 1418 silentio
311 1350 408 1436 plane
431 1350 622 1427 transmisit,
646 1350 709 1415 alia
731 1348 836 1415 obiter
856 1361 979 1414 tantum
1002 1360 1034 1413 et
1055 1348 1148 1433 quasi
1170 1350 1203 1413 in
1226 1360 1330 1415 trans-

160 1481 258 1525 cursu
277 1460 399 1543 attigit,
422 1460 561 1547 plurima
582 1460 776 1546 generaliter
797 1460 895 1527 modo
920 1470 953 1525 et
973 1458 1085 1545 primis
1100 1458 1196 1525 lineis
1215 1460 1331 1525 adum·

160 1568 272 1636 brevit.
327 1570 427 1655 erod
454 1592 521 1636 uon
550 1570 749 1657 negligentia
775 1581 831 1635 aut
855 1569 1018 1655 imperitia
1048 1591 1122 1633 eum
1150 1569 1266 1635 iecisse
1295 1580 1331 1637 ut

161 1699 219 1765 per
252 1701 287 1745 se
320 1678 461 1745 dubitari
488 1703 554 1745 non
584 1692 713 1766 potest,
749 1680 795 1744 ita
820 1678 1010 1766 planissime
1039 1689 1131 1764 patet
1160 1701 1201 1743 ex
1222 1678 1331 1766 operis

161 1788 297 1855 oonsilio
329 1800 416 1856 recte
448 1789 621 1855 intellecto.
679 1788 770 1855 Nihil
803 1789 888 1853 enim
919 1789 1024 1873 magis
1054 1788 1121 1853 vita
1156 1787 1331 1872 Agricolae

161 1898 334 1966 scribenda
358 1900 525 1985 spectavit,
549 1922 646 1984 quam
671 1909 705 1965 ut
728 1901 917 1963 Britannice
937 1902 1080 1962 uictorem
1102 1923 1138 1963 ac
1153 1900 1332 1962 domitorem

161 2032 228 2075 eum
258 2018 290 2073 et
320 2009 510 2094 aequalibus
539 2021 570 2074 et
599 2008 738 2098 posteris
766 2008 970 2085 ostenderet,
997 2029 1088 2093 quae
1120 2006 1180 2072 uiri
1208 2029 1332 2072 summa

159 2119 229 2183 laus
268 2118 437 2203 iniquitate
471 2118 650 2186 Domitiani
693 2131 942 2205 temporumque
981 2118 1134 2184 foeditate
1171 2139 1332 2204 oppressa

161 2238 229 2293 erat
262 2250 300 2293 ac
335 2251 440 2317 paene
472 2227 602 2295 latebat.
658 2230 732 2294 Hoc
765 2228 971 2316 propositum
1005 2251 1098 2294 suurn
1129 2226 1330 2293 auctoriam

160 2360 186 2403 e
209 2340 239 2416 3,
261 2339 292 2403 4.
317 2338 470 2415 declarat,
495 2360 592 2422 quum
616 2338 693 2403 dicit
714 2342 825 2403 bonoad
844 2338 1019 2423 Agricolae
1043 2337 1236 2403 destinatum
1259 2360 1331 2402 esse

159 2448 247 2515 hunc
265 2448 392 2525 librum,
417 2449 505 2533 quod
528 2448 624 2536 plane
647 2448 712 2515 alio
728 2460 888 2535 spectare,
910 2470 1006 2533 quam
1023 2447 1049 2511 si
1066 2450 1229 2513 nreruoriae
1243 2445 1330 2513 illius

160 2557 357 2623 destinasset
385 2557 519 2635 librum,
548 2558 584 2621 in
613 2570 766 2645 promptu
796 2570 852 2623 est.
895 2558 1033 2623 Planius
1055 2557 1149 2622 etiam
1172 2579 1331 2622 summum

158 2666 258 2733 libelli
282 2666 452 2733 consilium
476 2667 585 2754 prodit
607 2689 633 2735 e.
659 2668 708 2746 10,
733 2670 771 2747 1.,
794 2666 848 2731 ubi
871 2666 1057 2731 Britanniae
1080 2666 1330 2753 descriptionem

160 2800 196 2843 se
225 2777 352 2863 ingredi
383 2778 552 2865 profitetur
580 2800 646 2841 non
676 2778 771 2843 aliam
792 2775 834 2841 ob
857 2798 1024 2853 caussam,
1051 2796 1151 2861 quam
1173 2779 1245 2860 quio
1268 2789 1331 2841 tam

152 2890 294 2974 primum
316 2891 494 2973 perdomita
511 2891 620 2975 fuerit.
665 2888 784 2973 Longe
814 2886 1001 2974 planissime
1026 2897 1132 2950 autem
1153 2885 1233 2951 illud
1254 2908 1329 2973 per-

160 2996 297 3083 spicitur
319 3019 359 3063 ex
381 2998 531 3063 universa
553 2998 703 3086 opusculi
731 2997 1003 3075 conformatione,
1031 2996 1155 3085 qnippe
1179 3018 1263 3081 quae
1285 2996 1330 3061 ita

159 3119 350 3194 comparata
377 3107 432 3185 sit,
468 3119 502 3171 ut
531 3108 670 3174 narratio
699 3109 740 3171 de
769 3107 945 3193 Agricola,
979 3107 1087 3193 priore
1125 3119 1235 3193 perte,
1268 3128 1332 3195 qua

160 3217 267 3281 aditus
290 3218 332 3281 ad
355 3216 502 3303 graviora
524 3228 739 3304 praeparatur
760 3228 792 3281 et
815 3217 910 3302 quasi
930 3217 1081 3294 munitur,
1105 3227 1174 3282 arta
1197 3227 1228 3282 et
1243 3239 1331 3281 com-

162 3349 286 3413 pressa,
309 3349 348 3393 eo
371 3327 476 3415 magis
501 3328 654 3393 dilatetur
677 3338 775 3411 atque
797 3328 986 3414 explicetur,
1009 3350 1074 3413 quo
1094 3326 1198 3413 magis
1221 3326 1262 3391 ad
1285 3326 1329 3405 id,

160 3436 249 3523 quod
278 3448 376 3523 caput
402 3448 452 3503 est
480 3449 511 3503 et
537 3438 630 3523 quasi
659 3460 820 3503 summum
849 3439 881 3503 in
910 3437 976 3501 vita
999 3437 1173 3523 Agricolae
1193 3436 1331 3514 culmen,

161 3546 334 3615 acceditur.
378 3547 418 3612 ld
445 3559 552 3613 autem
575 3570 640 3613 non
664 3547 725 3611 alia
747 3547 781 3613 in
803 3570 838 3613 re
862 3548 1021 3634 positum,
1042 3570 1138 3631 quam
1160 3547 1193 3609 in
1215 3558 1332 3611 eventu

160 3657 289 3743 septimi
321 3638 565 3743 expedit-ionum
587 3657 663 3726 anni
691 3657 889 3742 devictisque
911 3657 1135 3723 cruentissima
1158 3678 1269 3743 pugna
1291 3656 1332 3722 ad

161 3767 342 3853 Graupium
364 3779 505 3834 montem
523 3766 722 3845 Caledoniis,
744 3791 811 3853 qua
831 3768 964 3834 victoria
985 3767 1153 3833 Britannia
1172 3764 1332 3831 debellata

160 3876 361 3965 imperioque
384 3878 532 3944 Romano
556 3878 700 3944 subiecta
723 3877 791 3942 luit.
835 3878 948 3960 Quum
968 3877 1069 3962 igitur
1089 3899 1140 3941 res
1163 3898 1219 3941 sex
1243 3876 1331 3963 prio·

161 3985 249 4051 ribus
287 3986 378 4051 annis
416 3986 457 4053 ab
489 3987 645 4075 Agricola
682 4001 792 4073 gestas
830 4010 955 4053 summa
988 3986 1141 4053 brevitate
1172 4010 1210 4051 ac
1239 3986 1332 4056 valde

161 4096 298 4163 tenuiter
327 4110 434 4164 narret.
457 4098 608 4175 Tacitus,
634 4098 697 4163 ianr
728 4097 886 4185 prolixior
913 4108 962 4165 est
984 4110 1049 4164 tum
1071 4096 1105 4163 in
1128 4098 1330 4188 explicandis

159 4206 301 4273 bostium
324 4207 546 4295 apparatibus,
569 4218 636 4273 tum
660 4209 693 4275 in
711 4208 790 4295 ipsa
808 4230 929 4298 pugna,
952 4230 1035 4293 quae
1051 4231 1209 4273 summum
1224 4230 1330 4273 rerum

160 4317 332 4385 disenmen
348 4317 462 4397 attulit,
481 4317 702 4384 describenda.
738 4320 820 4396 Iam,
837 4317 893 4383 ubi
909 4318 951 4385 od
966 4318 1001 4385 id
1016 4317 1172 4407 pervenit,
1195 4330 1330 4405 propter

1075 4419 1118 4484 2*
