<?xml version="1.0" encoding="UTF-8"?>
<!DOCTYPE html PUBLIC "-//W3C//DTD XHTML 1.0 Transitional//EN"
    "http://www.w3.org/TR/xhtml1/DTD/xhtml1-transitional.dtd">
<html xmlns="http://www.w3.org/1999/xhtml" xml:lang="en" lang="en">
 <head>
  <title>
</title>
<meta http-equiv="Content-Type" content="text/html;charset=utf-8" />
  <meta name='ocr-system' content='tesseract 3.04.00' />
  <meta name='ocr-capabilities' content='ocr_page ocr_carea ocr_par ocr_line ocrx_word'/>
</head>
<body>
  <div class='ocr_page' id='page_1' title='image "./pcorneliitaciti00wexgoog/pcorneliitaciti00wexgoog_0256.png"; bbox 0 0 3067 4867; ppageno 0'>
   <div class='ocr_carea' id='block_1_1' title="bbox 178 361 973 433">
    <p class='ocr_par' dir='ltr' id='par_1_1' title="bbox 178 361 973 433">
     <span class='ocr_line' id='line_1_1' title="bbox 178 361 973 433; baseline 0.008 -17"><span class='ocrx_word' id='word_1_1' title='bbox 178 419 181 425; x_wconf 76' lang='grc'><strong>,</strong></span> <span class='ocrx_word' id='word_1_2' title='bbox 219 364 263 433; x_wconf 82' lang='lat'><strong>60</strong></span> <span class='ocrx_word' id='word_1_3' title='bbox 633 361 816 421; x_wconf 80' lang='lat' dir='ltr'><strong>coaunnn</strong></span> <span class='ocrx_word' id='word_1_4' title='bbox 837 364 973 423; x_wconf 75' lang='lat' dir='ltr'><strong>riom</strong></span> 
     </span>
    </p>
   </div>
   <div class='ocr_carea' id='block_1_2' title="bbox 148 535 1524 1620">
    <p class='ocr_par' dir='ltr' id='par_1_2' title="bbox 148 535 1524 1620">
     <span class='ocr_line' id='line_1_2' title="bbox 220 535 1389 627; baseline 0.006 -27"><span class='ocrx_word' id='word_1_5' title='bbox 220 536 431 614; x_wconf 72' lang='lat' dir='ltr'><strong>arbitrantur,</strong></span> <span class='ocrx_word' id='word_1_6' title='bbox 459 547 490 601; x_wconf 85' lang='lat' dir='ltr'><strong>et</strong></span> <span class='ocrx_word' id='word_1_7' title='bbox 518 538 553 601; x_wconf 88' lang='lat' dir='ltr'><strong>in</strong></span> <span class='ocrx_word' id='word_1_8' title='bbox 576 536 775 623; x_wconf 73' lang='lat' dir='ltr'><strong>accipiendis</strong></span> <span class='ocrx_word' id='word_1_9' title='bbox 802 535 981 605; x_wconf 90' lang='lat' dir='ltr'><strong>obsidibus·</strong></span> <span class='ocrx_word' id='word_1_10' title='bbox 995 538 1100 625; x_wconf 86' lang='lat' dir='ltr'><strong>magis</strong></span> <span class='ocrx_word' id='word_1_11' title='bbox 1123 539 1276 627; x_wconf 84' lang='lat' dir='ltr'><strong>exigunt,</strong></span> <span class='ocrx_word' id='word_1_12' title='bbox 1304 552 1389 607; x_wconf 86' lang='lat' dir='ltr'><strong>tam·</strong></span> 
     </span>
     <span class='ocr_line' id='line_1_3' title="bbox 220 645 1417 733; baseline 0.007 -22"><span class='ocrx_word' id='word_1_13' title='bbox 220 669 317 733; x_wconf 86' lang='lat' dir='ltr'><strong>quam</strong></span> <span class='ocrx_word' id='word_1_14' title='bbox 345 658 377 711; x_wconf 91' lang='lat' dir='ltr'><strong>et</strong></span> <span class='ocrx_word' id='word_1_15' title='bbox 401 645 545 723; x_wconf 87' lang='lat' dir='ltr'><strong>animum</strong></span> <span class='ocrx_word' id='word_1_16' title='bbox 569 647 691 711; x_wconf 87' lang='lat' dir='ltr'><strong>firmius</strong></span> <span class='ocrx_word' id='word_1_17' title='bbox 720 658 751 711; x_wconf 91' lang='lat' dir='ltr'><strong>et</strong></span> <span class='ocrx_word' id='word_1_18' title='bbox 780 648 911 713; x_wconf 90' lang='lat' dir='ltr'><strong>domum</strong></span> <span class='ocrx_word' id='word_1_19' title='bbox 937 648 1033 715; x_wconf 88' lang='lat' dir='ltr'><strong>latius</strong></span> <span class='ocrx_word' id='word_1_20' title='bbox 1056 659 1195 716; x_wconf 88' lang='lat' dir='ltr'><strong>teneant</strong></span> <span class='ocrx_word' id='word_1_21' title='bbox 1239 652 1417 726; x_wconf 84' lang='lat' dir='ltr'><strong>Heredes5</strong></span> 
     </span>
     <span class='ocr_line' id='line_1_4' title="bbox 220 758 1390 843; baseline 0.003 -20"><span class='ocrx_word' id='word_1_22' title='bbox 220 770 327 823; x_wconf 87' lang='lat' dir='ltr'><strong>tamen</strong></span> <span class='ocrx_word' id='word_1_23' title='bbox 345 778 615 843; x_wconf 77' lang='lat' dir='ltr'><strong>successoresque</strong></span> <span class='ocrx_word' id='word_1_24' title='bbox 632 758 684 822; x_wconf 90' lang='lat' dir='ltr'><strong>sui</strong></span> <span class='ocrx_word' id='word_1_25' title='bbox 699 758 819 843; x_wconf 90' lang='lat' dir='ltr'><strong>cuique</strong></span> <span class='ocrx_word' id='word_1_26' title='bbox 836 758 944 836; x_wconf 90' lang='lat' dir='ltr'><strong>liberi,</strong></span> <span class='ocrx_word' id='word_1_27' title='bbox 963 771 995 825; x_wconf 85' lang='lat' dir='ltr'><strong>et</strong></span> <span class='ocrx_word' id='word_1_28' title='bbox 1012 760 1134 825; x_wconf 87' lang='lat' dir='ltr'><strong>nullum</strong></span> <span class='ocrx_word' id='word_1_29' title='bbox 1151 770 1390 827; x_wconf 79' lang='lat' dir='ltr'><strong>testamentum.</strong></span> 
     </span>
     <span class='ocr_line' id='line_1_5' title="bbox 148 867 1390 956; baseline 0.002 -22"><span class='ocrx_word' id='word_1_30' title='bbox 148 898 152 905; x_wconf 47' lang='lat'>¹</span> <span class='ocrx_word' id='word_1_31' title='bbox 219 868 257 934; x_wconf 88' lang='lat' dir='ltr'><strong>Si</strong></span> <span class='ocrx_word' id='word_1_32' title='bbox 284 867 378 932; x_wconf 92' lang='lat' dir='ltr'><strong>liberi</strong></span> <span class='ocrx_word' id='word_1_33' title='bbox 405 890 473 932; x_wconf 91' lang='lat' dir='ltr'><strong>non</strong></span> <span class='ocrx_word' id='word_1_34' title='bbox 497 879 589 945; x_wconf 88' lang='lat' dir='ltr'><strong>sunt,</strong></span> <span class='ocrx_word' id='word_1_35' title='bbox 621 868 788 954; x_wconf 84' lang='lat' dir='ltr'><strong>proximus</strong></span> <span class='ocrx_word' id='word_1_36' title='bbox 816 869 937 955; x_wconf 85' lang='lat' dir='ltr'><strong>gradus</strong></span> <span class='ocrx_word' id='word_1_37' title='bbox 966 870 1000 934; x_wconf 90' lang='lat' dir='ltr'><strong>in</strong></span> <span class='ocrx_word' id='word_1_38' title='bbox 1027 870 1238 956; x_wconf 82' lang='lat' dir='ltr'><strong>possessione</strong></span> <span class='ocrx_word' id='word_1_39' title='bbox 1264 871 1390 951; x_wconf 85' lang='lat' dir='ltr'><strong>iratres,</strong></span> 
     </span>
     <span class='ocr_line' id='line_1_6' title="bbox 219 960 1524 1066; baseline 0.005 -23"><span class='ocrx_word' id='word_1_40' title='bbox 219 978 337 1065; x_wconf 76' lang='lat' dir='ltr'><strong>pauni,</strong></span> <span class='ocrx_word' id='word_1_41' title='bbox 360 978 519 1044; x_wconf 86' lang='lat' dir='ltr'><strong>avunculi.</strong></span> <span class='ocrx_word' id='word_1_42' title='bbox 563 978 696 1061; x_wconf 83' lang='lat' dir='ltr'><strong>Quanto</strong></span> <span class='ocrx_word' id='word_1_43' title='bbox 718 978 793 1064; x_wconf 90' lang='lat' dir='ltr'><strong>plus</strong></span> <span class='ocrx_word' id='word_1_44' title='bbox 815 979 1083 1066; x_wconf 87' lang='lat' dir='ltr'><strong>propinquorum,</strong></span> <span class='ocrx_word' id='word_1_45' title='bbox 1105 1002 1171 1065; x_wconf 89' lang='lat' dir='ltr'><strong>quo</strong></span> <span class='ocrx_word' id='word_1_46' title='bbox 1192 984 1297 1047; x_wconf 90' lang='lat' dir='ltr'><strong>maior</strong></span> <span class='ocrx_word' id='word_1_47' title='bbox 1319 982 1418 1049; x_wconf 78' lang='lat' dir='ltr'><strong>sifi-c</strong></span> <span class='ocrx_word' id='word_1_48' title='bbox 1523 960 1524 967; x_wconf 21' lang='lat'>¹</span> 
     </span>
     <span class='ocr_line' id='line_1_7' title="bbox 219 1088 1390 1179; baseline 0.006 -28"><span class='ocrx_word' id='word_1_49' title='bbox 219 1089 308 1153; x_wconf 89' lang='lat' dir='ltr'><strong>nium</strong></span> <span class='ocrx_word' id='word_1_50' title='bbox 322 1110 485 1167; x_wconf 90' lang='lat' dir='ltr'><strong>numerus,</strong></span> <span class='ocrx_word' id='word_1_51' title='bbox 497 1096 586 1153; x_wconf 87' lang='lat' dir='ltr'><strong>tanto</strong></span> <span class='ocrx_word' id='word_1_52' title='bbox 601 1088 775 1173; x_wconf 80' lang='lat' dir='ltr'><strong>gratiosior</strong></span> <span class='ocrx_word' id='word_1_53' title='bbox 789 1102 948 1167; x_wconf 86' lang='lat' dir='ltr'><strong>senectus,</strong></span> <span class='ocrx_word' id='word_1_54' title='bbox 959 1112 1020 1155; x_wconf 88' lang='lat' dir='ltr'><strong>nec</strong></span> <span class='ocrx_word' id='word_1_55' title='bbox 1034 1089 1263 1157; x_wconf 82' lang='lat' dir='ltr'><strong>ullaorbitatis</strong></span> <span class='ocrx_word' id='word_1_56' title='bbox 1274 1093 1390 1179; x_wconf 86' lang='lat' dir='ltr'><strong>pretia.</strong></span> 
     </span>
     <span class='ocr_line' id='line_1_8' title="bbox 302 1198 1392 1289; baseline 0.001 -25"><span class='ocrx_word' id='word_1_57' title='bbox 302 1198 404 1264; x_wconf 87' lang='lat' dir='ltr'>XXI.</span> <span class='ocrx_word' id='word_1_58' title='bbox 441 1198 616 1284; x_wconf 88' lang='lat' dir='ltr'><strong>Suscipere</strong></span> <span class='ocrx_word' id='word_1_59' title='bbox 637 1212 702 1263; x_wconf 86' lang='lat' dir='ltr'><strong>tam</strong></span> <span class='ocrx_word' id='word_1_60' title='bbox 723 1199 907 1265; x_wconf 85' lang='lat' dir='ltr'><strong>inimicitias</strong></span> <span class='ocrx_word' id='word_1_61' title='bbox 929 1222 986 1265; x_wconf 89' lang='lat' dir='ltr'><strong>seu</strong></span> <span class='ocrx_word' id='word_1_62' title='bbox 1008 1200 1108 1285; x_wconf 86' lang='lat' dir='ltr'><strong>patris</strong></span> <span class='ocrx_word' id='word_1_63' title='bbox 1130 1224 1190 1266; x_wconf 87' lang='lat' dir='ltr'><strong>seu</strong></span> <span class='ocrx_word' id='word_1_64' title='bbox 1210 1201 1392 1289; x_wconf 88' lang='lat' dir='ltr'><strong>propinqui</strong></span> 
     </span>
     <span class='ocr_line' id='line_1_9' title="bbox 219 1308 1393 1398; baseline 0.003 -24"><span class='ocrx_word' id='word_1_65' title='bbox 219 1333 317 1398; x_wconf 91' lang='lat' dir='ltr'><strong>quam</strong></span> <span class='ocrx_word' id='word_1_66' title='bbox 338 1308 497 1374; x_wconf 85' lang='lat' dir='ltr'><strong>amicitias</strong></span> <span class='ocrx_word' id='word_1_67' title='bbox 518 1330 652 1374; x_wconf 88' lang='lat' dir='ltr'><strong>necesse</strong></span> <span class='ocrx_word' id='word_1_68' title='bbox 678 1319 737 1375; x_wconf 87' lang='lat' dir='ltr'><strong>est.</strong></span> <span class='ocrx_word' id='word_1_69' title='bbox 787 1310 819 1375; x_wconf 91' lang='lat' dir='ltr'>N</span> <span class='ocrx_word' id='word_1_70' title='bbox 821 1331 859 1375; x_wconf 91' lang='lat' dir='ltr'><strong>ec</strong></span> <span class='ocrx_word' id='word_1_71' title='bbox 882 1308 1104 1397; x_wconf 88' lang='lat' dir='ltr'><strong>implacabiles</strong></span> <span class='ocrx_word' id='word_1_72' title='bbox 1127 1311 1263 1390; x_wconf 83' lang='lat' dir='ltr'><strong>durant3</strong></span> <span class='ocrx_word' id='word_1_73' title='bbox 1291 1311 1393 1377; x_wconf 90' lang='lat' dir='ltr'><strong>luitur</strong></span> 
     </span>
     <span class='ocr_line' id='line_1_10' title="bbox 219 1418 1468 1508; baseline 0.003 -24"><span class='ocrx_word' id='word_1_74' title='bbox 219 1420 305 1485; x_wconf 88' lang='lat' dir='ltr'><strong>enim</strong></span> <span class='ocrx_word' id='word_1_75' title='bbox 327 1419 424 1501; x_wconf 85' lang='lat' dir='ltr'><strong>etiam</strong></span> <span class='ocrx_word' id='word_1_76' title='bbox 444 1418 652 1484; x_wconf 91' lang='lat' dir='ltr'><strong>homicidium</strong></span> <span class='ocrx_word' id='word_1_77' title='bbox 677 1431 765 1485; x_wconf 88' lang='lat' dir='ltr'><strong>certo</strong></span> <span class='ocrx_word' id='word_1_78' title='bbox 783 1429 999 1485; x_wconf 88' lang='lat' dir='ltr'><strong>armentorum</strong></span> <span class='ocrx_word' id='word_1_79' title='bbox 1017 1442 1055 1485; x_wconf 91' lang='lat' dir='ltr'><strong>ac</strong></span> <span class='ocrx_word' id='word_1_80' title='bbox 1070 1442 1225 1508; x_wconf 87' lang='lat' dir='ltr'><strong>pecorum</strong></span> <span class='ocrx_word' id='word_1_81' title='bbox 1243 1444 1391 1501; x_wconf 91' lang='lat' dir='ltr'><strong>numero,</strong></span> <span class='ocrx_word' id='word_1_82' title='bbox 1462 1451 1468 1460; x_wconf 87' lang='lat'>·</span> 
     </span>
     <span class='ocr_line' id='line_1_11' title="bbox 195 1528 1391 1620; baseline 0.002 -25"><span class='ocrx_word' id='word_1_83' title='bbox 195 1528 399 1617; x_wconf 82' lang='lat' dir='ltr'><strong>&#39;recipitque</strong></span> <span class='ocrx_word' id='word_1_84' title='bbox 420 1529 673 1595; x_wconf 80' lang='lat' dir='ltr'><strong>satisfactionem</strong></span> <span class='ocrx_word' id='word_1_85' title='bbox 695 1530 844 1595; x_wconf 87' lang='lat' dir='ltr'><strong>universa</strong></span> <span class='ocrx_word' id='word_1_86' title='bbox 867 1530 993 1609; x_wconf 88' lang='lat' dir='ltr'><strong>domus,</strong></span> <span class='ocrx_word' id='word_1_87' title='bbox 1015 1530 1136 1597; x_wconf 83' lang='lat' dir='ltr'><strong>utiliter</strong></span> <span class='ocrx_word' id='word_1_88' title='bbox 1155 1532 1189 1598; x_wconf 89' lang='lat' dir='ltr'><strong>in</strong></span> <span class='ocrx_word' id='word_1_89' title='bbox 1211 1532 1391 1620; x_wconf 89' lang='lat' dir='ltr'><strong>publicum,</strong></span> 
     </span>
    </p>
   </div>
   <div class='ocr_carea' id='block_1_3' title="bbox 218 1714 1391 1941">
    <p class='ocr_par' dir='ltr' id='par_1_3' title="bbox 218 1714 1391 1941">
     <span class='ocr_line' id='line_1_12' title="bbox 253 1714 1391 1791; baseline 0.001 -21"><span class='ocrx_word' id='word_1_90' title='bbox 253 1716 469 1785; x_wconf 78' lang='lat' dir='ltr'><strong>iaaecs&#39;pieadis</strong></span> <span class='ocrx_word' id='word_1_91' title='bbox 480 1716 623 1769; x_wconf 81' lang='lat' dir='ltr'><strong>obsidibus</strong></span> <span class='ocrx_word' id='word_1_92' title='bbox 635 1717 703 1783; x_wconf 79' lang='lat' dir='ltr'><strong>etc]</strong></span> <span class='ocrx_word' id='word_1_93' title='bbox 722 1714 740 1769; x_wconf 88' lang='lat' dir='ltr'><strong>i.</strong></span> <span class='ocrx_word' id='word_1_94' title='bbox 755 1734 780 1769; x_wconf 92' lang='lat' dir='ltr'><strong>e.</strong></span> <span class='ocrx_word' id='word_1_95' title='bbox 825 1718 924 1785; x_wconf 82' lang='lat' dir='ltr'><strong>codd.;</strong></span> <span class='ocrx_word' id='word_1_96' title='bbox 943 1716 1022 1785; x_wconf 87' lang='lat' dir='ltr'><strong>pauci</strong></span> <span class='ocrx_word' id='word_1_97' title='bbox 1040 1719 1157 1785; x_wconf 75' lang='lat' dir='ltr'><strong>pretias.</strong></span> <span class='ocrx_word' id='word_1_98' title='bbox 1175 1744 1212 1791; x_wconf 57' lang='grc' dir='ltr'><strong>Γ</strong></span> <span class='ocrx_word' id='word_1_99' title='bbox 1238 1718 1391 1773; x_wconf 68' lang='lat' dir='ltr'><strong>Gratiam</strong></span> 
     </span>
     <span class='ocr_line' id='line_1_13' title="bbox 218 1792 1390 1865; baseline 0.003 -18"><span class='ocrx_word' id='word_1_100' title='bbox 218 1795 242 1848; x_wconf 92' lang='lat' dir='ltr'><strong>si</strong></span> <span class='ocrx_word' id='word_1_101' title='bbox 267 1794 380 1848; x_wconf 90' lang='lat' dir='ltr'><strong>obsides</strong></span> <span class='ocrx_word' id='word_1_102' title='bbox 406 1793 560 1864; x_wconf 87' lang='lat' dir='ltr'><strong>accipiendi</strong></span> <span class='ocrx_word' id='word_1_103' title='bbox 586 1800 664 1859; x_wconf 86' lang='lat' dir='ltr'><strong>suut,</strong></span> <span class='ocrx_word' id='word_1_104' title='bbox 693 1792 782 1862; x_wconf 84' lang='lat' dir='ltr'><strong>magis</strong></span> <span class='ocrx_word' id='word_1_105' title='bbox 825 1802 882 1857; x_wconf 86' lang='lat' dir='ltr'><strong>est,</strong></span> <span class='ocrx_word' id='word_1_106' title='bbox 899 1795 946 1863; x_wconf 91' lang='lat' dir='ltr'><strong>qui</strong></span> <span class='ocrx_word' id='word_1_107' title='bbox 965 1811 1067 1865; x_wconf 84' lang='lat' dir='ltr'><strong>magna</strong></span> <span class='ocrx_word' id='word_1_108' title='bbox 1083 1795 1174 1865; x_wconf 81' lang='lat' dir='ltr'><strong>gratia</strong></span> <span class='ocrx_word' id='word_1_109' title='bbox 1191 1804 1277 1865; x_wconf 86' lang='lat' dir='ltr'><strong>atque</strong></span> <span class='ocrx_word' id='word_1_110' title='bbox 1294 1803 1390 1849; x_wconf 65' lang='lat' dir='ltr'><strong>auctu</strong></span> 
     </span>
     <span class='ocr_line' id='line_1_14' title="bbox 218 1868 1197 1941; baseline 0.002 -16"><span class='ocrx_word' id='word_1_111' title='bbox 218 1872 269 1925; x_wconf 89' lang='lat' dir='ltr'><strong>bos</strong></span> <span class='ocrx_word' id='word_1_112' title='bbox 296 1874 345 1937; x_wconf 74' lang='grc' dir='ltr'><strong>(ε</strong></span> <span class='ocrx_word' id='word_1_113' title='bbox 371 1889 497 1925; x_wconf 88' lang='lat' dir='ltr'><strong>sororum</strong></span> <span class='ocrx_word' id='word_1_114' title='bbox 528 1870 614 1939; x_wconf 87' lang='lat' dir='ltr'><strong>filios)</strong></span> <span class='ocrx_word' id='word_1_115' title='bbox 643 1869 696 1923; x_wconf 89' lang='lat' dir='ltr'><strong>sibi</strong></span> <span class='ocrx_word' id='word_1_116' title='bbox 721 1868 781 1923; x_wconf 88' lang='lat' dir='ltr'><strong>dari</strong></span> <span class='ocrx_word' id='word_1_117' title='bbox 824 1869 907 1925; x_wconf 85' lang='lat' dir='ltr'><strong>ritate</strong></span> <span class='ocrx_word' id='word_1_118' title='bbox 928 1874 1002 1941; x_wconf 90' lang='lat' dir='ltr'><strong>apud</strong></span> <span class='ocrx_word' id='word_1_119' title='bbox 1021 1870 1090 1925; x_wconf 85' lang='lat' dir='ltr'><strong>alios</strong></span> <span class='ocrx_word' id='word_1_120' title='bbox 1112 1874 1197 1927; x_wconf 84' lang='lat' dir='ltr'><strong>valet.</strong></span> 
     </span>
    </p>
   </div>
   <div class='ocr_carea' id='block_1_4' title="bbox 217 1946 1498 2021">
    <p class='ocr_par' dir='ltr' id='par_1_4' title="bbox 217 1946 1498 2021">
     <span class='ocr_line' id='line_1_15' title="bbox 217 1946 1498 2021; baseline 0 -19"><span class='ocrx_word' id='word_1_121' title='bbox 217 1950 324 2003; x_wconf 87' lang='lat' dir='ltr'><strong>volunt.</strong></span> <span class='ocrx_word' id='word_1_122' title='bbox 342 1982 377 1993; x_wconf 89' lang='lat'>-</span> <span class='ocrx_word' id='word_1_123' title='bbox 395 1948 544 2003; x_wconf 88' lang='lat' dir='ltr'><strong>Obiectnm</strong></span> <span class='ocrx_word' id='word_1_124' title='bbox 559 1965 612 2019; x_wconf 90' lang='lat' dir='ltr'><strong>per</strong></span> <span class='ocrx_word' id='word_1_125' title='bbox 623 1946 733 2017; x_wconf 85' lang='lat' dir='ltr'><strong>synesin</strong></span> <span class='ocrx_word' id='word_1_126' title='bbox 746 1965 782 2001; x_wconf 87' lang='lat' dir='ltr'><strong>ex</strong></span> <span class='ocrx_word' id='word_1_127' title='bbox 859 1948 987 2001; x_wconf 77' lang='lat' dir='ltr'><strong>orbitatis</strong></span> <span class='ocrx_word' id='word_1_128' title='bbox 1000 1949 1107 2017; x_wconf 65' lang='lat' dir='ltr'><strong>pediu]</strong></span> <span class='ocrx_word' id='word_1_129' title='bbox 1127 1950 1200 2014; x_wconf 88' lang='lat' dir='ltr'><strong>Hoc,</strong></span> <span class='ocrx_word' id='word_1_130' title='bbox 1219 1957 1250 2004; x_wconf 88' lang='lat' dir='ltr'><strong>ut</strong></span> <span class='ocrx_word' id='word_1_131' title='bbox 1267 1949 1392 2021; x_wconf 86' lang='lat' dir='ltr'><strong>plurima</strong></span> <span class='ocrx_word' id='word_1_132' title='bbox 1495 1984 1498 1997; x_wconf 84' lang='lat'>·</span> 
     </span>
    </p>
   </div>
   <div class='ocr_carea' id='block_1_5' title="bbox 153 2024 1393 4263">
    <p class='ocr_par' dir='ltr' id='par_1_5' title="bbox 153 2024 1393 4263">
     <span class='ocr_line' id='line_1_16' title="bbox 218 2024 1391 2097; baseline 0 -18"><span class='ocrx_word' id='word_1_133' title='bbox 218 2025 312 2081; x_wconf 82' lang='lat' dir='ltr'><strong>verbis</strong></span> <span class='ocrx_word' id='word_1_134' title='bbox 348 2026 443 2095; x_wconf 84' lang='lat' dir='ltr'><strong>„laute</strong></span> <span class='ocrx_word' id='word_1_135' title='bbox 478 2043 576 2079; x_wconf 77' lang='lat' dir='ltr'><strong>accam</strong></span> <span class='ocrx_word' id='word_1_136' title='bbox 612 2026 782 2093; x_wconf 75' lang='lat' dir='ltr'><strong>saapaiais“</strong></span> <span class='ocrx_word' id='word_1_137' title='bbox 825 2024 853 2078; x_wconf 91' lang='lat' dir='ltr'><strong>in</strong></span> <span class='ocrx_word' id='word_1_138' title='bbox 874 2026 928 2079; x_wconf 91' lang='lat' dir='ltr'><strong>hoc</strong></span> <span class='ocrx_word' id='word_1_139' title='bbox 947 2026 1046 2095; x_wconf 85' lang='lat' dir='ltr'><strong>capite,</strong></span> <span class='ocrx_word' id='word_1_140' title='bbox 1063 2028 1100 2079; x_wconf 86' lang='lat' dir='ltr'><strong>ad</strong></span> <span class='ocrx_word' id='word_1_141' title='bbox 1118 2027 1307 2097; x_wconf 86' lang='lat' dir='ltr'><strong>discrepantes</strong></span> <span class='ocrx_word' id='word_1_142' title='bbox 1325 2043 1391 2096; x_wconf 89' lang='lat' dir='ltr'><strong>spe-</strong></span> 
     </span>
     <span class='ocr_line' id='line_1_17' title="bbox 218 2102 1393 2172; baseline 0 -15"><span class='ocrx_word' id='word_1_143' title='bbox 218 2105 379 2170; x_wconf 82' lang='lat' dir='ltr'><strong>eruendum.</strong></span> <span class='ocrx_word' id='word_1_144' title='bbox 397 2134 428 2142; x_wconf 96' lang='lat'>-</span> <span class='ocrx_word' id='word_1_145' title='bbox 449 2103 625 2171; x_wconf 71' lang='lat' dir='ltr'><strong>Descripsit</strong></span> <span class='ocrx_word' id='word_1_146' title='bbox 645 2102 780 2157; x_wconf 82' lang='lat' dir='ltr'><strong>verboci.</strong></span> <span class='ocrx_word' id='word_1_147' title='bbox 826 2109 882 2156; x_wconf 86' lang='lat' dir='ltr'><strong>ctat</strong></span> <span class='ocrx_word' id='word_1_148' title='bbox 912 2119 1017 2172; x_wconf 87' lang='lat' dir='ltr'><strong>eosque</strong></span> <span class='ocrx_word' id='word_1_149' title='bbox 1043 2102 1176 2172; x_wconf 88' lang='lat' dir='ltr'><strong>pessimos</strong></span> <span class='ocrx_word' id='word_1_150' title='bbox 1199 2105 1393 2157; x_wconf 86' lang='lat' dir='ltr'><strong>Romanorum</strong></span> 
     </span>
     <span class='ocr_line' id='line_1_18' title="bbox 218 2178 1393 2245; baseline -0.002 -11"><span class='ocrx_word' id='word_1_151' title='bbox 218 2198 243 2234; x_wconf 92' lang='lat' dir='ltr'><strong>c.</strong></span> <span class='ocrx_word' id='word_1_152' title='bbox 267 2185 307 2245; x_wconf 88' lang='grc'><strong>14,</strong></span> <span class='ocrx_word' id='word_1_153' title='bbox 327 2185 353 2235; x_wconf 91' lang='grc'><strong>3.</strong></span> <span class='ocrx_word' id='word_1_154' title='bbox 824 2195 926 2233; x_wconf 89' lang='lat' dir='ltr'><strong>mores.</strong></span> <span class='ocrx_word' id='word_1_155' title='bbox 955 2179 1062 2235; x_wconf 82' lang='lat' dir='ltr'><strong>Romae</strong></span> <span class='ocrx_word' id='word_1_156' title='bbox 1083 2180 1157 2233; x_wconf 89' lang='lat' dir='ltr'><strong>enim</strong></span> <span class='ocrx_word' id='word_1_157' title='bbox 1170 2182 1302 2236; x_wconf 87' lang='lat' dir='ltr'><strong>orborum</strong></span> <span class='ocrx_word' id='word_1_158' title='bbox 1320 2178 1393 2233; x_wconf 84' lang='lat' dir='ltr'><strong>divi·</strong></span> 
     </span>
     <span class='ocr_line' id='line_1_19' title="bbox 252 2256 1393 2327; baseline -0.001 -17"><span class='ocrx_word' id='word_1_159' title='bbox 252 2257 570 2327; x_wconf 75' lang='lat' dir='ltr'><strong>tumquamctaaimum]</strong></span> <span class='ocrx_word' id='word_1_160' title='bbox 582 2258 781 2321; x_wconf 86' lang='lat' dir='ltr'><strong>ltscod.HM;</strong></span> <span class='ocrx_word' id='word_1_161' title='bbox 824 2262 881 2309; x_wconf 87' lang='lat' dir='ltr'><strong>tum</strong></span> <span class='ocrx_word' id='word_1_162' title='bbox 900 2256 1027 2309; x_wconf 85' lang='lat' dir='ltr'><strong>amicitia</strong></span> <span class='ocrx_word' id='word_1_163' title='bbox 1047 2264 1072 2309; x_wconf 88' lang='lat' dir='ltr'><strong>et</strong></span> <span class='ocrx_word' id='word_1_164' title='bbox 1081 2258 1173 2324; x_wconf 79' lang='lat' dir='ltr'><strong>fauor</strong></span> <span class='ocrx_word' id='word_1_165' title='bbox 1192 2276 1209 2311; x_wconf 88' lang='lat' dir='ltr'><strong>a</strong></span> <span class='ocrx_word' id='word_1_166' title='bbox 1226 2257 1319 2311; x_wconf 86' lang='lat' dir='ltr'><strong>multis</strong></span> <span class='ocrx_word' id='word_1_167' title='bbox 1339 2274 1393 2310; x_wconf 87' lang='lat' dir='ltr'><strong>ex-</strong></span> 
     </span>
     <span class='ocr_line' id='line_1_20' title="bbox 217 2332 1393 2405; baseline -0.003 -16"><span class='ocrx_word' id='word_1_168' title='bbox 217 2334 319 2405; x_wconf 86' lang='lat' dir='ltr'><strong>reliqui</strong></span> <span class='ocrx_word' id='word_1_169' title='bbox 338 2332 436 2393; x_wconf 83' lang='lat' dir='ltr'><strong>vitiose</strong></span> <span class='ocrx_word' id='word_1_170' title='bbox 456 2342 599 2403; x_wconf 71' lang='lat' dir='ltr'><strong>tatreqaam</strong></span> <span class='ocrx_word' id='word_1_171' title='bbox 617 2342 644 2389; x_wconf 86' lang='lat' dir='ltr'><strong>et</strong></span> <span class='ocrx_word' id='word_1_172' title='bbox 663 2336 676 2388; x_wconf 86' lang='lat' dir='ltr'><strong>i</strong></span> <span class='ocrx_word' id='word_1_173' title='bbox 682 2354 701 2387; x_wconf 82' lang='lat' dir='ltr'><strong>a</strong></span> <span class='ocrx_word' id='word_1_174' title='bbox 719 2335 782 2387; x_wconf 81' lang='lat' dir='ltr'><strong>ani·</strong></span> <span class='ocrx_word' id='word_1_175' title='bbox 823 2334 971 2403; x_wconf 83' lang='lat' dir='ltr'><strong>petebatur</strong></span> <span class='ocrx_word' id='word_1_176' title='bbox 995 2333 1137 2402; x_wconf 70' lang='lat' dir='ltr'><strong>maioque</strong></span> <span class='ocrx_word' id='word_1_177' title='bbox 1157 2335 1266 2402; x_wconf 71' lang='lat' dir='ltr'><strong>pesteris</strong></span> <span class='ocrx_word' id='word_1_178' title='bbox 1285 2334 1393 2403; x_wconf 76' lang='lat' dir='ltr'><strong>officials</strong></span> 
     </span>
     <span class='ocr_line' id='line_1_21' title="bbox 216 2405 1393 2481; baseline -0.002 -16"><span class='ocrx_word' id='word_1_179' title='bbox 216 2405 299 2480; x_wconf 68' lang='lat' dir='ltr'><strong>mam,</strong></span> <span class='ocrx_word' id='word_1_180' title='bbox 318 2429 390 2481; x_wconf 85' lang='lat' dir='ltr'><strong>quse</strong></span> <span class='ocrx_word' id='word_1_181' title='bbox 408 2413 496 2465; x_wconf 81' lang='lat' dir='ltr'><strong>verba</strong></span> <span class='ocrx_word' id='word_1_182' title='bbox 515 2412 705 2467; x_wconf 85' lang='lat' dir='ltr'><strong>adverbialem</strong></span> <span class='ocrx_word' id='word_1_183' title='bbox 724 2412 780 2465; x_wconf 87' lang='lat' dir='ltr'><strong>vim</strong></span> <span class='ocrx_word' id='word_1_184' title='bbox 824 2411 988 2479; x_wconf 89' lang='lat' dir='ltr'><strong>captabatur</strong></span> <span class='ocrx_word' id='word_1_185' title='bbox 1008 2427 1057 2481; x_wconf 89' lang='lat' dir='ltr'><strong>spe</strong></span> <span class='ocrx_word' id='word_1_186' title='bbox 1080 2411 1241 2465; x_wconf 87' lang='lat' dir='ltr'><strong>hereditatis</strong></span> <span class='ocrx_word' id='word_1_187' title='bbox 1261 2410 1393 2464; x_wconf 88' lang='lat' dir='ltr'><strong>obtinen-</strong></span> 
     </span>
     <span class='ocr_line' id='line_1_22' title="bbox 217 2486 1390 2557; baseline -0.002 -14"><span class='ocrx_word' id='word_1_188' title='bbox 217 2492 355 2543; x_wconf 86' lang='lat' dir='ltr'><strong>haberent</strong></span> <span class='ocrx_word' id='word_1_189' title='bbox 377 2493 411 2543; x_wconf 94' lang='lat' dir='ltr'><strong>ab</strong></span> <span class='ocrx_word' id='word_1_190' title='bbox 431 2492 459 2544; x_wconf 87' lang='lat' dir='ltr'><strong>h.</strong></span> <span class='ocrx_word' id='word_1_191' title='bbox 480 2491 498 2543; x_wconf 91' lang='grc'><strong>1.</strong></span> <span class='ocrx_word' id='word_1_192' title='bbox 522 2489 650 2543; x_wconf 88' lang='lat' dir='ltr'><strong>alienam.</strong></span> <span class='ocrx_word' id='word_1_193' title='bbox 687 2487 779 2557; x_wconf 87' lang='lat' dir='ltr'><strong>Vulgo</strong></span> <span class='ocrx_word' id='word_1_194' title='bbox 824 2488 892 2547; x_wconf 86' lang='lat' dir='ltr'><strong>dae;</strong></span> <span class='ocrx_word' id='word_1_195' title='bbox 910 2486 946 2539; x_wconf 88' lang='lat' dir='ltr'><strong>cf.</strong></span> <span class='ocrx_word' id='word_1_196' title='bbox 961 2486 1073 2556; x_wconf 87' lang='lat' dir='ltr'><strong>Dialog.</strong></span> <span class='ocrx_word' id='word_1_197' title='bbox 1092 2504 1117 2541; x_wconf 90' lang='lat' dir='ltr'><strong>c.</strong></span> <span class='ocrx_word' id='word_1_198' title='bbox 1131 2492 1156 2553; x_wconf 86' lang='grc'><strong>6,</strong></span> <span class='ocrx_word' id='word_1_199' title='bbox 1173 2492 1199 2541; x_wconf 97' lang='grc'><strong>2.</strong></span> <span class='ocrx_word' id='word_1_200' title='bbox 1218 2489 1292 2541; x_wconf 82' lang='lat' dir='ltr'><strong>Anu.</strong></span> <span class='ocrx_word' id='word_1_201' title='bbox 1308 2486 1390 2551; x_wconf 90' lang='lat' dir='ltr'>XIII,</span> 
     </span>
     <span class='ocr_line' id='line_1_23' title="bbox 217 2563 1391 2639; baseline -0.004 -18"><span class='ocrx_word' id='word_1_202' title='bbox 217 2567 309 2622; x_wconf 89' lang='lat' dir='ltr'><strong>editur</strong></span> <span class='ocrx_word' id='word_1_203' title='bbox 331 2576 406 2639; x_wconf 81' lang='lat' dir='ltr'><strong>tuaq.</strong></span> <span class='ocrx_word' id='word_1_204' title='bbox 425 2575 450 2620; x_wconf 89' lang='lat' dir='ltr'><strong>et</strong></span> <span class='ocrx_word' id='word_1_205' title='bbox 467 2567 492 2620; x_wconf 91' lang='lat' dir='ltr'><strong>ii</strong></span> <span class='ocrx_word' id='word_1_206' title='bbox 508 2568 640 2621; x_wconf 77' lang='lat' dir='ltr'><strong>animam.</strong></span> <span class='ocrx_word' id='word_1_207' title='bbox 659 2596 692 2607; x_wconf 88' lang='lat'>-</span> <span class='ocrx_word' id='word_1_208' title='bbox 709 2566 780 2619; x_wconf 85' lang='lat' dir='ltr'><strong>Aai·</strong></span> <span class='ocrx_word' id='word_1_209' title='bbox 823 2568 865 2627; x_wconf 89' lang='grc'><strong>42,</strong></span> <span class='ocrx_word' id='word_1_210' title='bbox 884 2568 909 2617; x_wconf 88' lang='grc'><strong>4.</strong></span> <span class='ocrx_word' id='word_1_211' title='bbox 929 2563 1010 2629; x_wconf 88' lang='lat' dir='ltr'>XIII,</span> <span class='ocrx_word' id='word_1_212' title='bbox 1031 2570 1073 2630; x_wconf 86' lang='grc'><strong>52,</strong></span> <span class='ocrx_word' id='word_1_213' title='bbox 1091 2570 1116 2619; x_wconf 87' lang='grc'><strong>2.</strong></span> <span class='ocrx_word' id='word_1_214' title='bbox 1138 2564 1200 2631; x_wconf 79' lang='lat' dir='ltr'><strong>XV,</strong></span> <span class='ocrx_word' id='word_1_215' title='bbox 1220 2569 1261 2620; x_wconf 85' lang='lat'><strong>19.</strong></span> <span class='ocrx_word' id='word_1_216' title='bbox 1288 2564 1391 2617; x_wconf 81' lang='lat' dir='ltr'><strong>Pretia</strong></span> 
     </span>
     <span class='ocr_line' id='line_1_24' title="bbox 216 2640 1392 2719; baseline -0.004 -21"><span class='ocrx_word' id='word_1_217' title='bbox 216 2664 304 2712; x_wconf 82' lang='lat' dir='ltr'><strong>mum,</strong></span> <span class='ocrx_word' id='word_1_218' title='bbox 323 2662 363 2699; x_wconf 88' lang='lat' dir='ltr'><strong>sc.</strong></span> <span class='ocrx_word' id='word_1_219' title='bbox 382 2644 455 2711; x_wconf 89' lang='lat' dir='ltr'><strong>eius,</strong></span> <span class='ocrx_word' id='word_1_220' title='bbox 474 2644 521 2715; x_wconf 91' lang='lat' dir='ltr'><strong>qui</strong></span> <span class='ocrx_word' id='word_1_221' title='bbox 540 2644 653 2699; x_wconf 88' lang='lat' dir='ltr'><strong>obsides</strong></span> <span class='ocrx_word' id='word_1_222' title='bbox 672 2645 729 2697; x_wconf 90' lang='lat' dir='ltr'><strong>dat.</strong></span> <span class='ocrx_word' id='word_1_223' title='bbox 823 2640 908 2711; x_wconf 83' lang='lat' dir='ltr'><strong>igitur</strong></span> <span class='ocrx_word' id='word_1_224' title='bbox 926 2649 991 2694; x_wconf 83' lang='lat' dir='ltr'><strong>sunt</strong></span> <span class='ocrx_word' id='word_1_225' title='bbox 1002 2644 1161 2719; x_wconf 38' lang='lat' dir='ltr'><strong>vana-haec</strong></span> <span class='ocrx_word' id='word_1_226' title='bbox 1176 2642 1323 2695; x_wconf 84' lang='lat' dir='ltr'><strong>commoda</strong></span> <span class='ocrx_word' id='word_1_227' title='bbox 1335 2640 1392 2694; x_wconf 82' lang='lat' dir='ltr'><strong>sati-</strong></span> 
     </span>
     <span class='ocr_line' id='line_1_25' title="bbox 251 2716 1391 2792; baseline -0.005 -16"><span class='ocrx_word' id='word_1_228' title='bbox 251 2725 363 2776; x_wconf 84' lang='lat' dir='ltr'><strong>dcmam</strong></span> <span class='ocrx_word' id='word_1_229' title='bbox 388 2724 487 2791; x_wconf 85' lang='lat' dir='ltr'><strong>latias]</strong></span> <span class='ocrx_word' id='word_1_230' title='bbox 517 2720 535 2775; x_wconf 89' lang='lat' dir='ltr'><strong>i.</strong></span> <span class='ocrx_word' id='word_1_231' title='bbox 563 2740 588 2777; x_wconf 87' lang='lat' dir='ltr'><strong>e.</strong></span> <span class='ocrx_word' id='word_1_232' title='bbox 617 2724 712 2792; x_wconf 88' lang='lat' dir='ltr'><strong>plures</strong></span> <span class='ocrx_word' id='word_1_233' title='bbox 745 2739 780 2775; x_wconf 83' lang='lat' dir='ltr'><strong>ex</strong></span> <span class='ocrx_word' id='word_1_234' title='bbox 824 2716 976 2787; x_wconf 77' lang='lat' dir='ltr'><strong>illatasque,</strong></span> <span class='ocrx_word' id='word_1_235' title='bbox 1001 2736 1074 2788; x_wconf 85' lang='lat' dir='ltr'><strong>quae</strong></span> <span class='ocrx_word' id='word_1_236' title='bbox 1097 2718 1173 2773; x_wconf 86' lang='lat' dir='ltr'><strong>urbis</strong></span> <span class='ocrx_word' id='word_1_237' title='bbox 1191 2718 1300 2771; x_wconf 85' lang='lat' dir='ltr'><strong>Romae</strong></span> <span class='ocrx_word' id='word_1_238' title='bbox 1324 2734 1391 2771; x_wconf 89' lang='lat' dir='ltr'><strong>con·</strong></span> 
     </span>
     <span class='ocr_line' id='line_1_26' title="bbox 218 2793 1390 2864; baseline -0.009 -7"><span class='ocrx_word' id='word_1_239' title='bbox 218 2800 277 2857; x_wconf 83' lang='lat' dir='ltr'><strong>eius</strong></span> <span class='ocrx_word' id='word_1_240' title='bbox 296 2800 409 2855; x_wconf 73' lang='lat' dir='ltr'><strong>familia.</strong></span> <span class='ocrx_word' id='word_1_241' title='bbox 824 2793 986 2863; x_wconf 82' lang='lat' dir='ltr'><strong>tingebant,</strong></span> <span class='ocrx_word' id='word_1_242' title='bbox 1014 2796 1092 2849; x_wconf 87' lang='lat' dir='ltr'><strong>velut</strong></span> <span class='ocrx_word' id='word_1_243' title='bbox 1117 2813 1246 2861; x_wconf 85' lang='lat' dir='ltr'><strong>munera,</strong></span> <span class='ocrx_word' id='word_1_244' title='bbox 1277 2794 1390 2864; x_wconf 85' lang='lat' dir='ltr'><strong>epulae,</strong></span> 
     </span>
     <span class='ocr_line' id='line_1_27' title="bbox 252 2872 1015 2945; baseline -0.009 -13"><span class='ocrx_word' id='word_1_245' title='bbox 252 2884 277 2933; x_wconf 80' lang='lat'><strong>5.</strong></span> <span class='ocrx_word' id='word_1_246' title='bbox 296 2879 423 2931; x_wconf 81' lang='lat' dir='ltr'><strong>Heredes</strong></span> <span class='ocrx_word' id='word_1_247' title='bbox 440 2878 507 2945; x_wconf 80' lang='lat' dir='ltr'><strong>etc]</strong></span> <span class='ocrx_word' id='word_1_248' title='bbox 527 2893 567 2930; x_wconf 89' lang='lat' dir='ltr'><strong>sc.</strong></span> <span class='ocrx_word' id='word_1_249' title='bbox 586 2877 780 2941; x_wconf 84' lang='lat' dir='ltr'><strong>bcaorum;—</strong></span> <span class='ocrx_word' id='word_1_250' title='bbox 814 2872 1015 2935; x_wconf 86' lang='lat' dir='ltr'><strong>salutationes.</strong></span> 
     </span>
     <span class='ocr_line' id='line_1_28' title="bbox 215 2948 1390 3023; baseline -0.004 -15"><span class='ocrx_word' id='word_1_251' title='bbox 215 2972 393 3018; x_wconf 77' lang='lat' dir='ltr'><strong>successores,</strong></span> <span class='ocrx_word' id='word_1_252' title='bbox 406 2972 444 3007; x_wconf 88' lang='lat' dir='ltr'><strong>sc.</strong></span> <span class='ocrx_word' id='word_1_253' title='bbox 459 2954 607 3023; x_wconf 77' lang='lat' dir='ltr'><strong>(lipcitatis</strong></span> <span class='ocrx_word' id='word_1_254' title='bbox 620 2953 781 3023; x_wconf 83' lang='lat' dir='ltr'><strong>iuregenda</strong></span> <span class='ocrx_word' id='word_1_255' title='bbox 857 2948 938 3001; x_wconf 86' lang='lat' dir='ltr'>XXI.</span> <span class='ocrx_word' id='word_1_256' title='bbox 961 2955 984 3003; x_wconf 85' lang='lat'><strong>1.</strong></span> <span class='ocrx_word' id='word_1_257' title='bbox 1001 2952 1062 3017; x_wconf 82' lang='lat' dir='ltr'><strong>aec]</strong></span> <span class='ocrx_word' id='word_1_258' title='bbox 1081 2948 1099 3001; x_wconf 94' lang='lat' dir='ltr'><strong>i.</strong></span> <span class='ocrx_word' id='word_1_259' title='bbox 1113 2967 1139 3003; x_wconf 84' lang='lat' dir='ltr'><strong>e.</strong></span> <span class='ocrx_word' id='word_1_260' title='bbox 1157 2966 1207 3002; x_wconf 86' lang='lat' dir='ltr'><strong>aec</strong></span> <span class='ocrx_word' id='word_1_261' title='bbox 1224 2956 1334 3014; x_wconf 62' lang='lat' dir='ltr'><strong>tamem·</strong></span> <span class='ocrx_word' id='word_1_262' title='bbox 1353 2948 1390 3003; x_wconf 82' lang='lat' dir='ltr'><strong>cl.</strong></span> 
     </span>
     <span class='ocr_line' id='line_1_29' title="bbox 217 3026 1354 3096; baseline -0.006 -11"><span class='ocrx_word' id='word_1_263' title='bbox 217 3034 316 3093; x_wconf 82' lang='lat' dir='ltr'><strong>domo;</strong></span> <span class='ocrx_word' id='word_1_264' title='bbox 335 3032 371 3085; x_wconf 89' lang='lat' dir='ltr'><strong>cf.</strong></span> <span class='ocrx_word' id='word_1_265' title='bbox 391 3050 415 3085; x_wconf 86' lang='lat' dir='ltr'><strong>c.</strong></span> <span class='ocrx_word' id='word_1_266' title='bbox 433 3036 476 3093; x_wconf 90' lang='grc'><strong>32,</strong></span> <span class='ocrx_word' id='word_1_267' title='bbox 498 3037 523 3085; x_wconf 91' lang='grc'><strong>3.</strong></span> <span class='ocrx_word' id='word_1_268' title='bbox 824 3042 847 3079; x_wconf 86' lang='lat' dir='ltr'><strong>c.</strong></span> <span class='ocrx_word' id='word_1_269' title='bbox 869 3031 910 3093; x_wconf 84' lang='lat'><strong>45,</strong></span> <span class='ocrx_word' id='word_1_270' title='bbox 930 3032 955 3081; x_wconf 83' lang='lat'><strong>3.</strong></span> <span class='ocrx_word' id='word_1_271' title='bbox 975 3034 1003 3080; x_wconf 87' lang='lat' dir='ltr'><strong>ct</strong></span> <span class='ocrx_word' id='word_1_272' title='bbox 1021 3044 1047 3081; x_wconf 86' lang='lat' dir='ltr'><strong>v.</strong></span> <span class='ocrx_word' id='word_1_273' title='bbox 1067 3029 1103 3080; x_wconf 90' lang='lat' dir='ltr'><strong>ad</strong></span> <span class='ocrx_word' id='word_1_274' title='bbox 1121 3026 1218 3096; x_wconf 80' lang='lat' dir='ltr'><strong>Agris.</strong></span> <span class='ocrx_word' id='word_1_275' title='bbox 1239 3044 1263 3080; x_wconf 85' lang='lat' dir='ltr'><strong>u.</strong></span> <span class='ocrx_word' id='word_1_276' title='bbox 1283 3031 1309 3090; x_wconf 87' lang='grc'><strong>8,</strong></span> <span class='ocrx_word' id='word_1_277' title='bbox 1327 3030 1354 3080; x_wconf 90' lang='grc'><strong>3.</strong></span> 
     </span>
     <span class='ocr_line' id='line_1_30' title="bbox 245 3102 1392 3179; baseline -0.005 -16"><span class='ocrx_word' id='word_1_278' title='bbox 245 3109 393 3179; x_wconf 80' lang='lat' dir='ltr'><strong>prosimus</strong></span> <span class='ocrx_word' id='word_1_279' title='bbox 412 3109 520 3177; x_wconf 75' lang='lat' dir='ltr'><strong>prades</strong></span> <span class='ocrx_word' id='word_1_280' title='bbox 542 3108 572 3160; x_wconf 85' lang='lat' dir='ltr'><strong>ia</strong></span> <span class='ocrx_word' id='word_1_281' title='bbox 593 3107 779 3176; x_wconf 79' lang='lat' dir='ltr'><strong>possessione]</strong></span> <span class='ocrx_word' id='word_1_282' title='bbox 857 3103 1050 3173; x_wconf 65' lang='lat' dir='ltr'><strong>inplacabiles</strong></span> <span class='ocrx_word' id='word_1_283' title='bbox 1074 3103 1188 3171; x_wconf 81' lang='lat' dir='ltr'><strong>darual]</strong></span> <span class='ocrx_word' id='word_1_284' title='bbox 1216 3118 1255 3157; x_wconf 89' lang='lat' dir='ltr'><strong>sc.</strong></span> <span class='ocrx_word' id='word_1_285' title='bbox 1283 3103 1315 3156; x_wconf 86' lang='lat' dir='ltr'><strong>ia</strong></span> <span class='ocrx_word' id='word_1_286' title='bbox 1335 3102 1392 3157; x_wconf 84' lang='lat' dir='ltr'><strong>iai·</strong></span> 
     </span>
     <span class='ocr_line' id='line_1_31' title="bbox 216 3181 1260 3256; baseline -0.011 -15"><span class='ocrx_word' id='word_1_287' title='bbox 216 3186 270 3241; x_wconf 88' lang='lat' dir='ltr'><strong>Per</strong></span> <span class='ocrx_word' id='word_1_288' title='bbox 286 3186 484 3256; x_wconf 86' lang='lat' dir='ltr'><strong>metonymiam</strong></span> <span class='ocrx_word' id='word_1_289' title='bbox 495 3182 780 3254; x_wconf 80' lang='lat' dir='ltr'><strong>pradusdicitur‘pro</strong></span> <span class='ocrx_word' id='word_1_290' title='bbox 822 3181 943 3236; x_wconf 81' lang='lat' dir='ltr'><strong>micitiis.</strong></span> <span class='ocrx_word' id='word_1_291' title='bbox 1258 3205 1260 3212; x_wconf 95' lang='lat'><em>·</em></span> 
     </span>
     <span class='ocr_line' id='line_1_32' title="bbox 216 3258 1190 3334; baseline -0.009 -15"><span class='ocrx_word' id='word_1_292' title='bbox 216 3281 263 3333; x_wconf 80' lang='lat' dir='ltr'><strong>ec,</strong></span> <span class='ocrx_word' id='word_1_293' title='bbox 291 3264 341 3334; x_wconf 75' lang='lat' dir='ltr'><strong>qai</strong></span> <span class='ocrx_word' id='word_1_294' title='bbox 361 3264 483 3332; x_wconf 74' lang='lat' dir='ltr'><strong>pradum</strong></span> <span class='ocrx_word' id='word_1_295' title='bbox 506 3263 620 3328; x_wconf 76' lang='lat' dir='ltr'><strong>obtinet,</strong></span> <span class='ocrx_word' id='word_1_296' title='bbox 647 3264 781 3330; x_wconf 86' lang='lat' dir='ltr'><strong>quemad·</strong></span> <span class='ocrx_word' id='word_1_297' title='bbox 828 3291 832 3296; x_wconf 94' lang='lat'>·</span> <span class='ocrx_word' id='word_1_298' title='bbox 856 3258 981 3327; x_wconf 76' lang='lat' dir='ltr'><strong>numero]</strong></span> <span class='ocrx_word' id='word_1_299' title='bbox 1002 3258 1038 3311; x_wconf 87' lang='lat' dir='ltr'><strong>cf.</strong></span> <span class='ocrx_word' id='word_1_300' title='bbox 1059 3275 1083 3311; x_wconf 90' lang='lat' dir='ltr'><strong>c.</strong></span> <span class='ocrx_word' id='word_1_301' title='bbox 1104 3262 1143 3323; x_wconf 88' lang='grc'><strong>12,</strong></span> <span class='ocrx_word' id='word_1_302' title='bbox 1165 3260 1190 3311; x_wconf 85' lang='grc'><strong>3.</strong></span> 
     </span>
     <span class='ocr_line' id='line_1_33' title="bbox 215 3332 1392 3403; baseline -0.007 -8"><span class='ocrx_word' id='word_1_303' title='bbox 215 3343 330 3395; x_wconf 86' lang='lat' dir='ltr'><strong>modum</strong></span> <span class='ocrx_word' id='word_1_304' title='bbox 352 3342 380 3394; x_wconf 89' lang='lat' dir='ltr'><strong>iu</strong></span> <span class='ocrx_word' id='word_1_305' title='bbox 404 3358 438 3394; x_wconf 90' lang='lat' dir='ltr'><strong>re</strong></span> <span class='ocrx_word' id='word_1_306' title='bbox 453 3338 566 3393; x_wconf 87' lang='lat' dir='ltr'><strong>militari</strong></span> <span class='ocrx_word' id='word_1_307' title='bbox 583 3339 698 3392; x_wconf 76' lang='lat' dir='ltr'><strong>ordines</strong></span> <span class='ocrx_word' id='word_1_308' title='bbox 715 3346 788 3393; x_wconf 50' lang='lat' dir='ltr'><strong>suut*</strong></span> <span class='ocrx_word' id='word_1_309' title='bbox 856 3335 987 3389; x_wconf 77' lang='lat' dir='ltr'><strong>uniuersa</strong></span> <span class='ocrx_word' id='word_1_310' title='bbox 998 3335 1106 3401; x_wconf 83' lang='lat' dir='ltr'><strong>domas]</strong></span> <span class='ocrx_word' id='word_1_311' title='bbox 1127 3352 1165 3388; x_wconf 89' lang='lat' dir='ltr'><strong>sc.</strong></span> <span class='ocrx_word' id='word_1_312' title='bbox 1180 3332 1249 3397; x_wconf 86' lang='lat' dir='ltr'><strong>eius,</strong></span> <span class='ocrx_word' id='word_1_313' title='bbox 1263 3332 1311 3403; x_wconf 91' lang='lat' dir='ltr'><strong>qui</strong></span> <span class='ocrx_word' id='word_1_314' title='bbox 1326 3350 1392 3387; x_wconf 88' lang='lat' dir='ltr'><strong>cae-</strong></span> 
     </span>
     <span class='ocr_line' id='line_1_34' title="bbox 215 3410 1391 3489; baseline -0.007 -16"><span class='ocrx_word' id='word_1_315' title='bbox 215 3419 426 3489; x_wconf 73' lang='lat' dir='ltr'><strong>iiquiordiaes</strong></span> <span class='ocrx_word' id='word_1_316' title='bbox 434 3416 779 3472; x_wconf 70' lang='lat' dir='ltr'><strong>damatzceatarioaes.</strong></span> <span class='ocrx_word' id='word_1_317' title='bbox 822 3430 870 3465; x_wconf 83' lang='lat' dir='ltr'><strong>sus</strong></span> <span class='ocrx_word' id='word_1_318' title='bbox 900 3420 951 3465; x_wconf 84' lang='lat' dir='ltr'><strong>est.</strong></span> <span class='ocrx_word' id='word_1_319' title='bbox 982 3440 1015 3451; x_wconf 90' lang='lat'><em>-</em></span> <span class='ocrx_word' id='word_1_320' title='bbox 1051 3414 1161 3465; x_wconf 84' lang='lat' dir='ltr'><strong>Damas</strong></span> <span class='ocrx_word' id='word_1_321' title='bbox 1192 3410 1391 3481; x_wconf 88' lang='lat' dir='ltr'><strong>complectitur</strong></span> 
     </span>
     <span class='ocr_line' id='line_1_35' title="bbox 215 3488 1258 3565; baseline -0.01 -14"><span class='ocrx_word' id='word_1_322' title='bbox 215 3526 250 3538; x_wconf 94' lang='lat'><em>-</em></span> <span class='ocrx_word' id='word_1_323' title='bbox 268 3496 427 3564; x_wconf 81' lang='lat' dir='ltr'><strong>Possessio,</strong></span> <span class='ocrx_word' id='word_1_324' title='bbox 458 3512 531 3565; x_wconf 88' lang='lat' dir='ltr'><strong>qnae</strong></span> <span class='ocrx_word' id='word_1_325' title='bbox 555 3512 612 3547; x_wconf 87' lang='lat' dir='ltr'><strong>vox</strong></span> <span class='ocrx_word' id='word_1_326' title='bbox 637 3495 666 3546; x_wconf 92' lang='lat' dir='ltr'><strong>h.</strong></span> <span class='ocrx_word' id='word_1_327' title='bbox 686 3494 705 3546; x_wconf 91' lang='grc'><strong>1.</strong></span> <span class='ocrx_word' id='word_1_328' title='bbox 731 3494 780 3546; x_wconf 91' lang='lat' dir='ltr'><strong>de·</strong></span> <span class='ocrx_word' id='word_1_329' title='bbox 822 3496 960 3561; x_wconf 84' lang='lat' dir='ltr'><strong>parentes,</strong></span> <span class='ocrx_word' id='word_1_330' title='bbox 979 3488 1050 3543; x_wconf 89' lang='lat' dir='ltr'><strong>filios</strong></span> <span class='ocrx_word' id='word_1_331' title='bbox 1069 3496 1097 3542; x_wconf 87' lang='lat' dir='ltr'><strong>et</strong></span> <span class='ocrx_word' id='word_1_332' title='bbox 1115 3497 1258 3558; x_wconf 84' lang='lat' dir='ltr'><strong>cognatos.</strong></span> 
     </span>
     <span class='ocr_line' id='line_1_36' title="bbox 216 3566 1392 3645; baseline -0.01 -16"><span class='ocrx_word' id='word_1_333' title='bbox 216 3572 325 3629; x_wconf 88' lang='lat' dir='ltr'><strong>scendit</strong></span> <span class='ocrx_word' id='word_1_334' title='bbox 337 3591 355 3627; x_wconf 86' lang='lat' dir='ltr'><strong>a</strong></span> <span class='ocrx_word' id='word_1_335' title='bbox 361 3573 490 3643; x_wconf 79' lang='lat' dir='ltr'><strong>posside,</strong></span> <span class='ocrx_word' id='word_1_336' title='bbox 501 3570 668 3628; x_wconf 84' lang='lat' dir='ltr'><strong>Germanice</strong></span> <span class='ocrx_word' id='word_1_337' title='bbox 680 3576 723 3645; x_wconf 82' lang='lat' dir='ltr'><strong>est</strong></span> <span class='ocrx_word' id='word_1_338' title='bbox 734 3570 781 3623; x_wconf 83' lang='lat' dir='ltr'><strong>dis</strong></span> <span class='ocrx_word' id='word_1_339' title='bbox 858 3566 1029 3633; x_wconf 79' lang='lat' dir='ltr'><strong>inimicitiae]</strong></span> <span class='ocrx_word' id='word_1_340' title='bbox 1047 3582 1086 3618; x_wconf 90' lang='lat' dir='ltr'><strong>sc.</strong></span> <span class='ocrx_word' id='word_1_341' title='bbox 1103 3581 1176 3634; x_wconf 89' lang='lat' dir='ltr'><strong>quae</strong></span> <span class='ocrx_word' id='word_1_342' title='bbox 1188 3583 1245 3619; x_wconf 90' lang='lat' dir='ltr'><strong>non</strong></span> <span class='ocrx_word' id='word_1_343' title='bbox 1264 3566 1392 3629; x_wconf 84' lang='lat' dir='ltr'><strong>luuntur,</strong></span> 
     </span>
     <span class='ocr_line' id='line_1_37' title="bbox 153 3641 1097 3720; baseline -0.014 -13"><span class='ocrx_word' id='word_1_344' title='bbox 153 3714 156 3720; x_wconf 46' lang='grc'><strong>,</strong></span> <span class='ocrx_word' id='word_1_345' title='bbox 215 3650 475 3719; x_wconf 72' lang='lat' dir='ltr'><strong>Besitaerqreifaap</strong></span> <span class='ocrx_word' id='word_1_346' title='bbox 503 3654 540 3718; x_wconf 80' lang='lat' dir='ltr'><strong>(v.</strong></span> <span class='ocrx_word' id='word_1_347' title='bbox 568 3652 605 3703; x_wconf 91' lang='lat' dir='ltr'><strong>ad</strong></span> <span class='ocrx_word' id='word_1_348' title='bbox 632 3647 728 3717; x_wconf 80' lang='lat' dir='ltr'><strong>Agris.</strong></span> <span class='ocrx_word' id='word_1_349' title='bbox 754 3665 779 3701; x_wconf 91' lang='lat' dir='ltr'><strong>c.</strong></span> <span class='ocrx_word' id='word_1_350' title='bbox 822 3643 869 3699; x_wconf 86' lang='lat' dir='ltr'><strong>vel</strong></span> <span class='ocrx_word' id='word_1_351' title='bbox 890 3641 927 3695; x_wconf 88' lang='lat' dir='ltr'><strong>lui</strong></span> <span class='ocrx_word' id='word_1_352' title='bbox 946 3649 1097 3713; x_wconf 85' lang='lat' dir='ltr'><strong>nequeunt.</strong></span> 
     </span>
     <span class='ocr_line' id='line_1_38' title="bbox 218 3716 1392 3797; baseline -0.014 -11"><span class='ocrx_word' id='word_1_353' title='bbox 218 3735 259 3796; x_wconf 84' lang='grc'><strong>18,</strong></span> <span class='ocrx_word' id='word_1_354' title='bbox 278 3730 329 3797; x_wconf 81' lang='grc'><strong>5.).</strong></span> <span class='ocrx_word' id='word_1_355' title='bbox 361 3727 456 3791; x_wconf 85' lang='lat' dir='ltr'><strong>Quare</strong></span> <span class='ocrx_word' id='word_1_356' title='bbox 473 3744 571 3783; x_wconf 87' lang='lat' dir='ltr'><strong>sensus</strong></span> <span class='ocrx_word' id='word_1_357' title='bbox 584 3733 640 3780; x_wconf 88' lang='lat' dir='ltr'><strong>est:</strong></span> <span class='ocrx_word' id='word_1_358' title='bbox 656 3724 783 3794; x_wconf 67' lang='lat' dir='ltr'><strong>prosim</strong></span> <span class='ocrx_word' id='word_1_359' title='bbox 857 3720 936 3773; x_wconf 77' lang='lat' dir='ltr'><strong>iacta</strong></span> <span class='ocrx_word' id='word_1_360' title='bbox 958 3720 1124 3786; x_wconf 81' lang='lat' dir='ltr'><strong>libertatem]</strong></span> <span class='ocrx_word' id='word_1_361' title='bbox 1151 3718 1169 3770; x_wconf 91' lang='grc'><strong>1.</strong></span> <span class='ocrx_word' id='word_1_362' title='bbox 1189 3733 1215 3770; x_wconf 90' lang='lat' dir='ltr'><strong>e.</strong></span> <span class='ocrx_word' id='word_1_363' title='bbox 1239 3718 1289 3771; x_wconf 85' lang='lat' dir='ltr'><strong>ubi</strong></span> <span class='ocrx_word' id='word_1_364' title='bbox 1304 3716 1392 3771; x_wconf 76' lang='lat' dir='ltr'><strong>abaci</strong></span> 
     </span>
     <span class='ocr_line' id='line_1_39' title="bbox 215 3793 1391 3862; baseline -0.013 0"><span class='ocrx_word' id='word_1_365' title='bbox 215 3809 247 3862; x_wconf 84' lang='lat' dir='ltr'><strong>ia</strong></span> <span class='ocrx_word' id='word_1_366' title='bbox 266 3808 401 3861; x_wconf 74' lang='lat' dir='ltr'><strong>adaman</strong></span> <span class='ocrx_word' id='word_1_367' title='bbox 420 3806 574 3861; x_wconf 76' lang='lat' dir='ltr'><strong>hereditate</strong></span> <span class='ocrx_word' id='word_1_368' title='bbox 592 3810 656 3856; x_wconf 85' lang='lat' dir='ltr'><strong>suat</strong></span> <span class='ocrx_word' id='word_1_369' title='bbox 674 3811 728 3855; x_wconf 89' lang='lat' dir='ltr'><strong>etc.</strong></span> <span class='ocrx_word' id='word_1_370' title='bbox 822 3797 1027 3851; x_wconf 80' lang='lat' dir='ltr'><strong>valetlibertas.</strong></span> <span class='ocrx_word' id='word_1_371' title='bbox 1046 3793 1191 3849; x_wconf 62' lang='lat' dir='ltr'><strong>[latissimo</strong></span> <span class='ocrx_word' id='word_1_372' title='bbox 1202 3802 1391 3848; x_wconf 82' lang='lat' dir='ltr'><strong>autemsensu</strong></span> 
     </span>
     <span class='ocr_line' id='line_1_40' title="bbox 252 3870 1392 3955; baseline -0.014 -15"><span class='ocrx_word' id='word_1_373' title='bbox 252 3890 278 3940; x_wconf 83' lang='lat' dir='ltr'><strong>b.</strong></span> <span class='ocrx_word' id='word_1_374' title='bbox 312 3884 539 3955; x_wconf 76' lang='lat' dir='ltr'><strong>propinquorum</strong></span> <span class='ocrx_word' id='word_1_375' title='bbox 570 3911 603 3921; x_wconf 93' lang='lat'><em>-</em></span> <span class='ocrx_word' id='word_1_376' title='bbox 637 3879 780 3948; x_wconf 79' lang='lat' dir='ltr'><strong>affinium]</strong></span> <span class='ocrx_word' id='word_1_377' title='bbox 822 3875 937 3929; x_wconf 87' lang='lat' dir='ltr'><strong>libertas</strong></span> <span class='ocrx_word' id='word_1_378' title='bbox 958 3876 985 3926; x_wconf 89' lang='lat' dir='ltr'><strong>h.</strong></span> <span class='ocrx_word' id='word_1_379' title='bbox 1004 3873 1023 3927; x_wconf 93' lang='lat' dir='ltr'><strong>l.</strong></span> <span class='ocrx_word' id='word_1_380' title='bbox 1042 3870 1226 3943; x_wconf 87' lang='lat' dir='ltr'><strong>intelligenda</strong></span> <span class='ocrx_word' id='word_1_381' title='bbox 1245 3879 1287 3924; x_wconf 88' lang='lat' dir='ltr'><strong>est</strong></span> <span class='ocrx_word' id='word_1_382' title='bbox 1304 3871 1392 3925; x_wconf 81' lang='lat' dir='ltr'><strong>licea-</strong></span> 
     </span>
     <span class='ocr_line' id='line_1_41' title="bbox 215 3946 1391 4033; baseline -0.011 -18"><span class='ocrx_word' id='word_1_383' title='bbox 215 3962 384 4032; x_wconf 74' lang='lat' dir='ltr'><strong>Propiaqui,</strong></span> <span class='ocrx_word' id='word_1_384' title='bbox 401 3964 567 4033; x_wconf 87' lang='lat' dir='ltr'><strong>plerumque</strong></span> <span class='ocrx_word' id='word_1_385' title='bbox 584 3957 685 4012; x_wconf 87' lang='lat' dir='ltr'><strong>latiore</strong></span> <span class='ocrx_word' id='word_1_386' title='bbox 698 3974 780 4010; x_wconf 92' lang='lat' dir='ltr'><strong>sensu</strong></span> <span class='ocrx_word' id='word_1_387' title='bbox 824 3952 865 4006; x_wconf 82' lang='lat' dir='ltr'><strong>tia</strong></span> <span class='ocrx_word' id='word_1_388' title='bbox 884 3950 971 4003; x_wconf 82' lang='lat' dir='ltr'><strong>sullis</strong></span> <span class='ocrx_word' id='word_1_389' title='bbox 992 3950 1098 4018; x_wconf 76' lang='lat' dir='ltr'><strong>lapibus</strong></span> <span class='ocrx_word' id='word_1_390' title='bbox 1119 3948 1248 4003; x_wconf 80' lang='lat' dir='ltr'><strong>coercita.</strong></span> <span class='ocrx_word' id='word_1_391' title='bbox 1284 3946 1318 3999; x_wconf 92' lang='lat' dir='ltr'><strong>In</strong></span> <span class='ocrx_word' id='word_1_392' title='bbox 1338 3948 1391 4002; x_wconf 85' lang='lat' dir='ltr'><strong>tali</strong></span> 
     </span>
     <span class='ocr_line' id='line_1_42' title="bbox 218 4024 1393 4102; baseline -0.013 -10"><span class='ocrx_word' id='word_1_393' title='bbox 218 4038 300 4102; x_wconf 81' lang='lat' dir='ltr'><strong>dicti,</strong></span> <span class='ocrx_word' id='word_1_394' title='bbox 336 4042 365 4093; x_wconf 89' lang='lat' dir='ltr'><strong>h.</strong></span> <span class='ocrx_word' id='word_1_395' title='bbox 396 4040 415 4093; x_wconf 92' lang='lat' dir='ltr'><strong>l.-</strong></span> <span class='ocrx_word' id='word_1_396' title='bbox 452 4055 509 4091; x_wconf 92' lang='lat' dir='ltr'><strong>non</strong></span> <span class='ocrx_word' id='word_1_397' title='bbox 541 4036 643 4091; x_wconf 85' lang='lat' dir='ltr'><strong>diversi</strong></span> <span class='ocrx_word' id='word_1_398' title='bbox 672 4040 737 4087; x_wconf 87' lang='lat' dir='ltr'><strong>sunt</strong></span> <span class='ocrx_word' id='word_1_399' title='bbox 765 4050 782 4087; x_wconf 87' lang='lat' dir='ltr'><strong>a</strong></span> <span class='ocrx_word' id='word_1_400' title='bbox 823 4027 896 4083; x_wconf 81' lang='lat' dir='ltr'><strong>enim</strong></span> <span class='ocrx_word' id='word_1_401' title='bbox 923 4027 1051 4081; x_wconf 88' lang='lat' dir='ltr'><strong>libertate</strong></span> <span class='ocrx_word' id='word_1_402' title='bbox 1071 4024 1231 4079; x_wconf 85' lang='lat' dir='ltr'><strong>inimicitiae</strong></span> <span class='ocrx_word' id='word_1_403' title='bbox 1247 4024 1393 4094; x_wconf 73' lang='lat' dir='ltr'><strong>pericu-</strong></span> 
     </span>
     <span class='ocr_line' id='line_1_43' title="bbox 216 4101 1393 4185; baseline -0.014 -13"><span class='ocrx_word' id='word_1_404' title='bbox 216 4118 343 4185; x_wconf 76' lang='lat' dir='ltr'><strong>coanutis</strong></span> <span class='ocrx_word' id='word_1_405' title='bbox 359 4117 404 4171; x_wconf 81' lang='lat' dir='ltr'><strong>vel</strong></span> <span class='ocrx_word' id='word_1_406' title='bbox 425 4114 646 4182; x_wconf 77' lang='lat' dir='ltr'><strong>comuapaiaais.</strong></span> <span class='ocrx_word' id='word_1_407' title='bbox 661 4141 693 4153; x_wconf 90' lang='lat'>-</span> <span class='ocrx_word' id='word_1_408' title='bbox 705 4111 781 4178; x_wconf 78' lang='lat' dir='ltr'><strong><em>Asfi-</em></strong></span> <span class='ocrx_word' id='word_1_409' title='bbox 824 4106 979 4160; x_wconf 80' lang='lat' dir='ltr'><strong>losiores</strong></span> <span class='ocrx_word' id='word_1_410' title='bbox 1000 4110 1090 4171; x_wconf 84' lang='lat' dir='ltr'><strong>suat,</strong></span> <span class='ocrx_word' id='word_1_411' title='bbox 1116 4118 1201 4170; x_wconf 75' lang='lat' dir='ltr'><strong>qaum</strong></span> <span class='ocrx_word' id='word_1_412' title='bbox 1220 4101 1393 4170; x_wconf 75' lang='lat' dir='ltr'><strong>incivitate,</strong></span> 
     </span>
     <span class='ocr_line' id='line_1_44' title="bbox 216 4178 1150 4263; baseline -0.014 -17"><span class='ocrx_word' id='word_1_413' title='bbox 216 4203 340 4247; x_wconf 74' lang='lat' dir='ltr'><strong>msunt</strong></span> <span class='ocrx_word' id='word_1_414' title='bbox 348 4194 392 4247; x_wconf 86' lang='lat' dir='ltr'><strong>vel</strong></span> <span class='ocrx_word' id='word_1_415' title='bbox 401 4192 492 4246; x_wconf 84' lang='lat' dir='ltr'><strong>mariti</strong></span> <span class='ocrx_word' id='word_1_416' title='bbox 503 4191 546 4245; x_wconf 89' lang='lat' dir='ltr'><strong>vel</strong></span> <span class='ocrx_word' id='word_1_417' title='bbox 555 4190 650 4245; x_wconf 83' lang='lat' dir='ltr'><strong>uxoris</strong></span> <span class='ocrx_word' id='word_1_418' title='bbox 660 4188 780 4263; x_wconf 84' lang='lat' dir='ltr'><strong>cognati,</strong></span> <span class='ocrx_word' id='word_1_419' title='bbox 823 4183 872 4236; x_wconf 85' lang='lat' dir='ltr'><strong>ubi</strong></span> <span class='ocrx_word' id='word_1_420' title='bbox 891 4184 965 4250; x_wconf 72' lang='lat' dir='ltr'><strong>lepos</strong></span> <span class='ocrx_word' id='word_1_421' title='bbox 983 4190 1045 4234; x_wconf 82' lang='lat' dir='ltr'><strong>suat</strong></span> <span class='ocrx_word' id='word_1_422' title='bbox 1062 4182 1098 4233; x_wconf 81' lang='lat' dir='ltr'><strong>ds</strong></span> <span class='ocrx_word' id='word_1_423' title='bbox 1113 4178 1150 4233; x_wconf 83' lang='lat' dir='ltr'><strong>ci.</strong></span> 
     </span>
    </p>
   </div>
   <div class='ocr_carea' id='block_1_6' title="bbox 218 4252 1395 4418">
    <p class='ocr_par' dir='ltr' id='par_1_6' title="bbox 218 4252 1395 4418">
     <span class='ocr_line' id='line_1_45' title="bbox 218 4252 1394 4339; baseline -0.013 -18"><span class='ocrx_word' id='word_1_424' title='bbox 218 4280 338 4339; x_wconf 86' lang='lat' dir='ltr'><strong>utraque</strong></span> <span class='ocrx_word' id='word_1_425' title='bbox 356 4270 525 4339; x_wconf 82' lang='lat' dir='ltr'><strong>cognatione</strong></span> <span class='ocrx_word' id='word_1_426' title='bbox 536 4286 589 4337; x_wconf 87' lang='lat' dir='ltr'><strong>per</strong></span> <span class='ocrx_word' id='word_1_427' title='bbox 606 4266 716 4337; x_wconf 86' lang='lat' dir='ltr'><strong>nuptias</strong></span> <span class='ocrx_word' id='word_1_428' title='bbox 734 4281 782 4318; x_wconf 91' lang='lat' dir='ltr'><strong>co·</strong></span> <span class='ocrx_word' id='word_1_429' title='bbox 860 4266 885 4314; x_wconf 88' lang='grc'><strong>2.</strong></span> <span class='ocrx_word' id='word_1_430' title='bbox 913 4258 1085 4313; x_wconf 69' lang='lat' dir='ltr'><strong>Convictibus</strong></span> <span class='ocrx_word' id='word_1_431' title='bbox 1104 4262 1129 4309; x_wconf 80' lang='lat' dir='ltr'><strong>et</strong></span> <span class='ocrx_word' id='word_1_432' title='bbox 1151 4252 1291 4323; x_wconf 76' lang='lat' dir='ltr'><strong>hospitiis]</strong></span> <span class='ocrx_word' id='word_1_433' title='bbox 1318 4252 1394 4307; x_wconf 79' lang='grc'><strong>0011-</strong></span> 
     </span>
     <span class='ocr_line' id='line_1_46' title="bbox 220 4329 1395 4418; baseline -0.011 -19"><span class='ocrx_word' id='word_1_434' title='bbox 220 4348 325 4418; x_wconf 83' lang='lat' dir='ltr'><strong>pulsta.</strong></span> <span class='ocrx_word' id='word_1_435' title='bbox 822 4338 910 4392; x_wconf 82' lang='lat' dir='ltr'><strong>vietus</strong></span> <span class='ocrx_word' id='word_1_436' title='bbox 929 4342 1001 4400; x_wconf 86' lang='lat' dir='ltr'><strong>sunt,</strong></span> <span class='ocrx_word' id='word_1_437' title='bbox 1021 4334 1067 4389; x_wconf 92' lang='lat' dir='ltr'><strong>ubi</strong></span> <span class='ocrx_word' id='word_1_438' title='bbox 1085 4330 1170 4385; x_wconf 81' lang='lat' dir='ltr'><strong>vicini</strong></span> <span class='ocrx_word' id='word_1_439' title='bbox 1190 4341 1219 4385; x_wconf 88' lang='lat' dir='ltr'><strong>et</strong></span> <span class='ocrx_word' id='word_1_440' title='bbox 1237 4330 1297 4385; x_wconf 86' lang='lat' dir='ltr'><strong>noti</strong></span> <span class='ocrx_word' id='word_1_441' title='bbox 1315 4329 1395 4386; x_wconf 83' lang='lat' dir='ltr'><strong>inter</strong></span> 
     </span>
    </p>
   </div>
   <div class='ocr_carea' id='block_1_7' title="bbox 253 4407 1395 4495">
    <p class='ocr_par' dir='ltr' id='par_1_7' title="bbox 253 4407 1395 4495">
     <span class='ocr_line' id='line_1_47' title="bbox 253 4407 1395 4495; baseline -0.014 -17"><span class='ocrx_word' id='word_1_442' title='bbox 253 4422 418 4495; x_wconf 70' lang='grc' dir='ltr'><strong>911111οεί111]</strong></span> <span class='ocrx_word' id='word_1_443' title='bbox 437 4422 481 4476; x_wconf 88' lang='lat' dir='ltr'><strong>Ita</strong></span> <span class='ocrx_word' id='word_1_444' title='bbox 499 4419 612 4493; x_wconf 82' lang='lat' dir='ltr'><strong>plurimi</strong></span> <span class='ocrx_word' id='word_1_445' title='bbox 629 4418 782 4493; x_wconf 85' lang='lat' dir='ltr'><strong>optimique</strong></span> <span class='ocrx_word' id='word_1_446' title='bbox 825 4433 855 4473; x_wconf 87' lang='lat' dir='ltr'><strong>se</strong></span> <span class='ocrx_word' id='word_1_447' title='bbox 892 4412 1018 4470; x_wconf 85' lang='lat' dir='ltr'><strong>homiues</strong></span> <span class='ocrx_word' id='word_1_448' title='bbox 1051 4408 1218 4469; x_wconf 85' lang='lat' dir='ltr'><strong>conveniunt</strong></span> <span class='ocrx_word' id='word_1_449' title='bbox 1254 4407 1395 4483; x_wconf 77' lang='lat' dir='ltr'><strong>epulandi</strong></span> 
     </span>
    </p>
   </div>
   <div class='ocr_carea' id='block_1_8' title="bbox 0 0 1538 4867">
    <p class='ocr_par' dir='ltr' id='par_1_8' title="bbox 0 0 1538 4867">
     <span class='ocr_line' id='line_1_48' title="bbox 0 0 1538 4867; baseline 0 0"><span class='ocrx_word' id='word_1_450' title='bbox 0 0 1538 4867; x_wconf 95' lang='lat' dir='ltr'><strong> </strong></span> 
     </span>
    </p>
   </div>
  </div>
 </body>
</html>
