3067 4867
207 361 229 428 a
402 323 405 327 ’
561 361 862 421 raonneounrn.
899 361 1021 420 caru

208 533 326 598 terium
349 531 537 620 praefuisse.
582 534 684 616 Quod
708 534 735 600 si
759 535 928 621 ponimus,
956 557 1022 600 uon
1046 533 1151 600 solum
1176 533 1380 620 intelligitur,

209 667 266 712 cur
287 649 354 731 per'
367 654 520 731 quattuor
541 669 645 713 annos
664 645 699 710 id
720 669 837 711 munus
855 645 994 730 gesserit
1013 647 1103 726 (nam
1123 645 1261 732 singulis
1284 645 1378 710 anuis

209 755 334 840 legatos
363 755 397 820 in
426 755 605 822 Germania
632 757 747 821 mutari
774 779 881 824 rerum
909 768 1013 822 status
1044 777 1110 822 non
1141 755 1379 842 permittebat),

209 866 269 932 sed
290 865 386 930 etiam
407 865 471 932 hoe
492 876 599 953 patet,
621 867 669 931 ita
690 867 923 952 amplissimam
945 867 974 932 ei
996 867 1096 932 fuisse
1119 865 1248 952 copiam
1272 866 1380 931 omnia

208 998 250 1041 ea
278 975 473 1042 observandi
501 976 759 1063 colligendique,
790 1001 872 1064 quae
901 987 1017 1064 postea
1045 977 1078 1044 iu
1104 977 1213 1042 libello
1244 976 1379 1062 egregio

210 1087 403 1172 composuit.

293 1197 369 1263 Non
396 1207 504 1262 autem
532 1207 721 1264 contentum
744 1199 845 1264 fuisse
873 1219 913 1262 ea
938 1208 1061 1262 tantum
1090 1217 1267 1284 exponere,
1295 1217 1380 1280 quae

209 1308 282 1394 ipse
302 1318 370 1372 tum
391 1307 533 1381 viderat,
556 1318 624 1374 tum
648 1318 856 1396 percontatus
876 1309 1005 1384 luerat,
1020 1308 1078 1374 sed
1101 1307 1226 1394 priores
1247 1327 1380 1393 quoque

210 1417 252 1482 de
273 1418 451 1484 Germania
477 1418 652 1504 scriptores
681 1419 898 1498 consuluisse,
929 1440 995 1484 non
1025 1418 1132 1484 solum
1156 1438 1283 1483 summa
1309 1417 1380 1480 eius

210 1527 380 1614 diligentia
402 1538 435 1594 et
455 1529 570 1615 religio
591 1529 691 1594 fidem
711 1529 805 1607 lacit,
833 1529 892 1594 sed
915 1551 955 1594 ex
978 1528 1103 1613 aliquot
1123 1527 1273 1615 opusculi
1299 1526 1381 1592 locis

209 1638 397 1724 planissime
417 1639 614 1726 intelligitur.
656 1640 696 1706 ci.
718 1641 789 1717 c.4‚
808 1642 834 1706 1.
863 1642 957 1725 „Ipse
979 1664 1104 1706 eornm
1126 1640 1382 1724 opinionibus

210 1754 368 1829 accedo,
394 1753 465 1838 qni
488 1750 673 1816 Germaniae
687 1752 823 1836 populos
848 1751 941 1816 nullis
968 1750 1038 1816 aliis
1065 1750 1199 1814 alienun
1221 1751 1382 1816 nationum

209 1863 366 1926 amiraliis
394 1863 521 1946 infectos
543 1863 711 1947 propriam
741 1874 769 1926 et
797 1864 1003 1926 aasentias
1031 1871 1149 1926 tantuin
1178 1861 1227 1924 sni
1253 1859 1382 1924 similem

207 1984 325 2056 pentem
346 1973 495 2037 restitisse
521 1974 821 2038 arbitrantur.“
863 1972 915 2035 Ae
938 1969 979 2034 de
1002 1969 1137 2036 Graecis
1159 1969 1292 2056 quidem
1314 1990 1381 2033 non

209 2081 345 2146 multum
372 2091 457 2157 erat,
487 2081 577 2165 quod
599 2093 754 2157 sumeret;
784 2080 858 2166 quis
882 2080 968 2146 enim
994 2080 1194 2146 accuratiora
1220 2101 1293 2144 eum
1320 2079 1381 2144 do-

210 2191 319 2255 ceret?
357 2191 564 2276 Quamquam
582 2192 616 2255 in
634 2190 793 2257 fabulosis
814 2191 856 2256 ad
876 2191 1005 2256 illorum
1025 2201 1207 2256 commenta
1225 2189 1381 2276 respexit,

209 2311 245 2364 nt
267 2311 359 2386 patet
379 2323 421 2366 ex
440 2324 466 2366 c.
486 2303 518 2378 3,
538 2303 568 2367 3.
604 2301 766 2380 „Catonum
787 2315 814 2368 et
839 2302 959 2368 Ulinsns
980 2302 1139 2384 qnidam
1161 2303 1383 2386 opinentur

211 2413 300 2496 longo
325 2412 378 2478 ilio
407 2426 435 2476 st
455 2415 603 2498 fabuloso
633 2435 737 2479 errore
765 2415 798 2477 in
827 2415 906 2478 lanne
935 2410 1088 2476 Oceanum
1116 2412 1249 2476 delatum
1280 2413 1382 2476 odisse

214 2520 399 2588 Germaniae
420 2527 550 2588 renas.“
591 2521 693 2588 Plura
715 2532 747 2587 et
776 2521 910 2588 meliora
939 2531 1050 2607 petere
1077 2529 1204 2607 poterat
1233 2531 1265 2584 et
1292 2518 1382 2584 haud

210 2630 308 2696 dubie
323 2632 415 2718 petiit
434 2656 475 2698 ex
493 2633 533 2698 iis
547 2633 769 2698 Romanorum
789 2631 1011 2719 scriptoribus,
1027 2631 1085 2716 qui
1101 2653 1152 2696 res
1168 2629 1382 2698 Germanicas

209 2743 393 2827 attigerunt.
444 2742 485 2807 In
509 2743 549 2809 iis
575 2743 716 2831 primum
743 2743 852 2810 locum
881 2743 1005 2809 obtinet
1030 2741 1092 2807 Iul.
1115 2739 1254 2820 Caesar,
1285 2762 1382 2825 quem

210 2853 317 2926 aaa,
341 2854 369 2919 1.
396 2866 433 2919 ut
458 2876 619 2918 summum
647 2864 812 2920 auctorem
840 2854 961 2922 laudat.
1016 2853 1068 2918 Ex
1096 2850 1229 2937 reliquis
1258 2851 1382 2916 nullum

209 2964 370 3041 nominat,
399 2985 461 3028 nec
488 2973 645 3050 quantum
671 2987 712 3029 ex
735 2987 869 3050 quoque
897 2962 1072 3049 sumpserit
1096 2961 1162 3026 ullo
1192 2961 1292 3026 modo
1323 2962 1381 3028 de-

208 3073 293 3138 finiri
321 3084 439 3160 potest.
484 3074 628 3140 Plinium
656 3085 762 3140 tamen
786 3075 932 3160 sequitur
957 3095 984 3138 c.
1007 3072 1063 3148 45,
1085 3072 1107 3135 4
1128 3093 1198 3157 sqq.
1220 3071 1253 3136 in
1276 3071 1381 3157 expli-

162 3175 166 3190 ¹
209 3183 315 3249 canda
336 3184 440 3249 sucini
459 3195 581 3250 natura.
625 3185 732 3250 Multo
749 3185 843 3272 plura
864 3195 971 3250 autem
987 3181 1120 3270 petiisse
1141 3203 1214 3246 eum
1233 3203 1275 3246 ex
1294 3182 1381 3247 eius·
1408 3211 1417 3236 x

209 3292 284 3358 dem
299 3296 373 3360 XX
385 3298 472 3363 libris
490 3297 637 3363 bellorum
656 3295 911 3364 Germanicorum
933 3302 1186 3360 consentaneum
1206 3303 1264 3371 est,
1288 3293 1382 3358 cuius

208 3403 255 3468 rei
284 3404 457 3489 vestigium
488 3405 622 3490 aliquod
652 3416 749 3472 tenue
781 3415 908 3472 exstare
937 3402 1134 3470 coniecimus
1167 3401 1208 3466 ad
1238 3422 1263 3468 c.
1290 3403 1328 3479 3,
1349 3403 1381 3468 4.

209 3513 358 3600 Trogum
384 3537 516 3600 quoque
543 3516 740 3603 Pompeium
767 3517 928 3602 inspexit,
958 3514 986 3580 si
1012 3513 1199 3580 coniectura
1226 3535 1287 3578 nos
1314 3535 1381 3578 non

208 3622 322 3689 fefellit
341 3625 384 3690 ad
405 3647 430 3690 a
453 3625 504 3705 19,
524 3627 562 3704 4.,
584 3649 691 3712 neque
711 3627 916 3703 Sallustium,
938 3625 972 3689 in
995 3623 1150 3688 Historiis
1173 3621 1282 3707 aliquo
1305 3623 1380 3690 loeo

210 3734 251 3801 de
267 3736 439 3804 Germanis
461 3747 612 3824 agentem
633 3737 686 3819 (cl.
702 3737 789 3802 Hist
805 3738 933 3823 Fragm.
949 3733 1172 3815 111,57.58.),
1194 3732 1382 3818 neglexisse

208 3845 343 3911 videtur.
384 3846 508 3913 Nititur
527 3870 568 3913 ea
587 3847 774 3914 coniectura
793 3847 928 3912 mirifico
949 3867 1111 3912 consensu
1126 3853 1279 3927 quattuor
1294 3844 1381 3911 Ger·

208 3955 335 4022 maniae
361 3957 508 4023 locorum
537 3981 610 4024 cum
632 3957 764 4044 Virgilii
792 3958 866 4024 loco
892 3957 925 4023 in
952 3956 1074 4040 Georg.
1097 3952 1381 4033 111,376*383,

209 4088 275 4152 quo
304 4088 410 4132 mores
437 4069 584 4154 gentium
612 4068 851 4157 septentriones
879 4089 990 4134 versus
1014 4047 1226 4130 habitantium
1252 4064 1299 4127 ita
1321 4064 1380 4127 de-

209 4175 336 4256 scribit,
359 4187 396 4243 ut
415 4179 469 4246 vix
491 4178 631 4246 dubitari
652 4179 774 4266 possit,
801 4181 880 4265 quin
902 4175 1032 4264 singula
1055 4195 1096 4240 ex
1117 4172 1273 4240 Sallustio
1296 4171 1381 4238 hau-

209 4285 296 4353 serit.
340 4287 425 4353 Nam
446 4313 547 4377 quum
569 4290 650 4356 haec
670 4289 790 4354 lrabeat
809 4313 838 4354 v.
859 4290 922 4356 376
944 4309 1014 4372 sqq.
