3067 4867
515 306 721 371 asamona
757 306 788 370 o.
805 307 907 372 κων.
934 306 1022 370 xnv.
1290 308 1351 384 139

183 510 293 568 manta
321 511 520 588 temporum,
548 502 609 569 sed
636 504 790 570 continuo
818 513 851 570 et
870 503 957 572 velut
978 525 1043 570 uno
1066 503 1131 570 iotu
1153 517 1220 569 reru
1242 501 1350 586 pubii-

182 636 254 680 oam
274 612 432 680 exhausit.

265 723 376 790 XLV.
407 723 484 790 Non
514 723 594 789 vidit
622 723 779 810 Agricola
805 724 972 792 obsessam
998 723 1120 788 suriam
1147 732 1179 788 st
1208 723 1351 793 clausum

182 835 279 899 armis
301 843 468 913 sanatum,
501 843 533 900 et
559 835 674 900 endem
697 845 804 922 straga
827 845 876 902 tot
897 833 1115 902 consularium
1136 834 1271 912 sardes,
1304 843 1352 902 tot

156 943 457 1015 anobuissimarum
477 945 668 1011 feminarum
687 946 786 1012 exilia
807 953 839 1012 et
853 945 965 1034 ingan.
999 945 1077 1012 Una
1098 942 1205 1012 adhue
1215 945 1351 1012 viatoria

183 1053 286 1121 Carus
315 1055 439 1122 Metius
468 1056 676 1137 censebatur,
709 1071 756 1127 et„
770 1056 853 1122 intra
876 1057 1038 1124 Albanam
1060 1077 1168 1158 agnem
1192 1056 1352 1125 sententia

181 1241 332 1296 Traianum
352 1244 427 1307 tore,
445 1260 528 1314 quem
545 1242 640 1298 videre
659 1242 743 1296 valde
761 1247 770 1259 ‘
812 1242 999 1312 seminarant]
1020 1244 1054 1298 cf.
1070 1242 1141 1300 Plin.
1153 1244 1224 1316 Epp.
1239 1242 1290 1312 111,
1311 1247 1350 1308 11,

180 1329 310 1389 superet,
333 1329 441 1388 tamen,
462 1320 516 1374 heo
531 1337 581 1390 spe
601 1322 742 1390 deceptus,
786 1325 809 1376 3.
848 1319 910 1386 v11,
932 1324 971 1376 19.

179 1394 208 1448 in
231 1395 361 1451 festinata
384 1406 475 1452 morte
498 1396 588 1453 minus
611 1397 743 1453 miseran-

181 1475 233 1526 dna
249 1474 371 1542 videtur,
388 1482 542 1546 propterea
560 1477 636 1547 qnod
654 1475 744 1530 erasit

179 1560 349 1621 postremum
369 1552 441 1606 illud
462 1562 581 1624 tsmpos.

819 1438 843 1489 2.
869 1449 927 1485 ono
949 1427 1052 1500 adhoc]
1080 1431 1098 1490 i.
1124 1449 1149 1488 e.
1178 1434 1270 1486 adhuc
1299 1438 1353 1485 unt

785 1517 899 1574 tantum,
920 1527 974 1564 non
993 1517 1048 1564 tam
1066 1507 1175 1578 multis,
1195 1527 1266 1582 quas
1285 1526 1350 1562 mox

785 1587 926 1643 insecutae
939 1596 1011 1642 aunt.
1024 1617 1058 1627 —
1080 1587 1249 1642 Cannabator
1266 1586 1351 1640 varbo

214 1689 270 1724 oon
288 1671 357 1741 som]
378 1690 404 1725 v.
425 1674 460 1727 ad
480 1690 503 1728 o.
523 1678 565 1741 42,
586 1679 610 1730 2.
787 1667 857 1720 haee
875 1665 996 1719 efficitur
1015 1665 1169 1720 sententia:
1192 1681 1246 1718 una
1265 1663 1351 1717 vieto·

212 1783 395 1853 opham]
414 1785 605 1855 summme
640 1783 741 1854 quibus
784 1741 827 1797 ria
846 1741 910 1798 Cari
930 1741 1009 1798 Metii
1025 1742 1229 1796 numerabatur.

178 1860 295 1930 spiritua
318 1877 412 1915 rursus
443 1824 617 1926 decoratur:
640 1863 742 1932 quibus
822 1837 911 1892 cam
928 1838 1045 1906 Malim]
1071 1838 1205 1925 Famoana
1224 1835 1275 1888 sub
1293 1834 1350 1888 Do·

175 1937 349 2006 mmm
372 1938 498 1993 homine,
527 1939 633 2006 (Gom.
649 1940 742 1992 Bm,
786 1924 898 1970 mrtrano
917 1915 1040 1982 deluton
1065 1915 1101 1969 of.
1119 1914 1191 1968 Plan.
1206 1912 1277 1984 Epp.
1288 1911 1351 1981 VII,

172 2017 301 2082 ΝΜ),-
319 2015 356 2068 of.
374 2015 511 2070 Ammian.
529 2015 617 2070 Mara.
632 2015 742 2080 XX1X,
785 1999 827 2061 ²7⁹
848 1997 889 2048 ¹4·
928 1991 990 2057 VH·
1012 1998 1051 2060 ¹92
1071 1999 1093 2048 5·

178 2095 201 2144 1.
227 2091 424 2160 Sampnrmeat
438 2094 651 2163 deqatbaadom
665 2094 743 2146 sine
819 2085 896 2140 inno
918 2086 1060 2140 Albanam
1083 2084 1185 2154 aream]
1209 2083 1253 2138 Ita
1276 2084 1351 2138 dicta

175 2167 393 2237 spiramento
409 2171 453 2223 vel
469 2188 550 2225 moro
566 2171 742 2241 oppassum.
785 2163 937 2218 Domitiani
966 2163 1034 2218 vilis
1059 2165 1096 2218 ad
1122 2172 1243 2218 montem
1264 2162 1351 2216 Alba·

176 2274 209 2284 -
229 2247 397 2315 Temporam
415 2246 524 2304 vidntur
542 2247 626 2304 etiem
643 2252 680 2304 ad
700 2249 743 2303 in.
776 2259 859 2306 num,
874 2241 922 2295 nbi
941 2257 1078 2296 secessum
1090 2239 1227 2310 agitabat3
1247 2240 1282 2294 os.
1296 2238 1351 2292 Dio

177 2323 297 2377 tervolto
313 2323 499 2382 reserandum.
786 2318 861 2376 Cass.
884 2319 1002 2384 LXVII,
1025 2324 1048 2374 1.
1084 2317 1349 2380 Iuvensl.IV‚145.

783 2395 993 2468 Piin.Epp.IV‚
1005 2401 1078 2460 11‚6.
1102 2397 1351 2466 Panegyr.o.48‚3.

785 2475 817 2528 In
835 2473 883 2529 illa
904 2473 983 2542 villa,
1005 2482 1137 2546 tanquam
1161 2471 1189 2527 in
1208 2490 1272 2526 aree
1291 2491 1350 2525 mu·

210 2563 266 2600 nno
293 2546 360 2616 iota]
397 2545 453 2602 Vix
489 2547 610 2602 dubitari
641 2557 741 2619 potest,
784 2551 856 2620 nita,
883 2554 996 2607 caedem
1023 2562 1107 2622 atque
1130 2559 1252 2622 stragem
1277 2549 1349 2602 viro-

176 2621 244 2693 quin
262 2621 374 2679 Tsoitus
391 2625 427 2678 sd
444 2623 634 2680 Domitianum
651 2634 741 2681 trans·
782 2646 843 2682 rum
881 2639 966 2701 atque
1002 2628 1165 2682 seminarum
1202 2625 1349 2682 illustrium

176 2699 279 2763 tulerit,
297 2702 374 2770 qnod
394 2703 429 2755 da
442 2701 570 2773 Caligula
587 2704 676 2758 refert
691 2705 741 2760 Se·
783 2705 908 2776 agitabat
921 2705 1068 2774 trutinante
1081 2705 1248 2760 Messalino.
1275 2701 1349 2758 Hine

176 2793 247 2830 neos
263 2778 300 2830 ds
320 2777 361 2830 ira
380 2777 430 2844 ΙΙΙ,
453 2783 493 2834 19.
516 2781 619 2845 Homo,
640 2782 690 2851 qni
706 2783 742 2836 da
784 2793 834 2851 est,
852 2784 928 2853 qnod
949 2781 1064 2838 Tacitus
1087 2781 1156 2836 dicit
1171 2782 1268 2836 intra
1284 2782 1349 2835 Alo.

176 2860 232 2906 toto
262 2861 360 2908 renota
389 2857 560 2912 trucidando
591 2859 741 2926 oooitohat,
782 2877 876 2915 orcam
893 2861 1027 2914 eontentio
1039 2863 1125 2916 Mass.
1136 2861 1273 2930 strepebat
1291 2858 1308 2913 i.
1322 2876 1347 2915 e.

175 2931 226 2999 qui
246 2931 373 3000 optabat,
398 2939 429 2986 ut
446 2934 573 3003 popolus
596 2937 741 2990 Romanoa
782 2938 895 3003 furebat
901 2959 913 3008 ,-
937 2937 978 2993 vis
1001 2937 1155 2993 sententiae
1173 2937 1246 2992 enim
1263 2954 1349 3007 quum

174 3025 275 3061 unam
299 3009 469 3063 cornicem
487 3011 612 3082 taboret,
638 3022 740 3069 rosce-
783 3015 818 3070 ait
844 3016 872 3071 in
891 3017 966 3070 intro
985 3033 1069 3085 voce,
1092 3033 1190 3070 sensus
1214 3026 1269 3072 est:
1299 3015 1349 3068 Al·

175 3083 238 3138 lero
263 3103 316 3139 ooo
345 3115 380 3126 -
410 3088 441 3141 r‘rs
461 3107 563 3143 onom
582 3091 691 3146 iotam
715 3102 741 3147 et
781 3095 857 3148 bana
874 3110 938 3148 arce
958 3096 1048 3148 adhue
1060 3092 1263 3158 continebatur,
1281 3110 1348 3147 oon·

175 3181 260 3216 unum
276 3163 351 3216 diem
365 3174 479 3234 ooqerot.
782 3172 863 3237 dam,
897 3179 928 3224 nt
957 3171 1040 3242 paulo
1073 3180 1149 3242 post,
1186 3171 1214 3224 a'n
1240 3172 1348 3226 cariam

208 3282 346 3352 aaut]
380 3284 439 3340 te.
457 3287 588 3357 peruidit,
608 3287 740 3352 naseos,
782 3266 900 3318 eor-osa.
935 3342 940 3355 ,
1162 3343 1168 3355 ,
1288 3341 1295 3356 ,
1327 3342 1334 3356 ,

175 3359 352 3416 mbffifflmi,
372 3359 438 3417 yffi,
455 3363 616 3420 mmm,
818 3343 980 3411 Messalam]
1009 3342 1101 3398 Homo
1129 3343 1183 3396 furt
1210 3359 1348 3414 noqu1ss1·

782 3439 842 3476 mus
861 3427 889 3476 st
906 3418 1113 3490 sanguinarius3
1133 3420 1168 3474 of.
1188 3419 1259 3476 Plin.
1275 3423 1347 3492 Epp.

207 3503 294 3559 XLV.
321 3511 343 3561 l.
374 3505 513 3562 obsessam
540 3510 648 3566 curiam
674 3516 738 3575 sto]
781 3498 832 3563 IV,
856 3503 897 3562 ²22
919 3504 942 3554 5·

175 3599 215 3636 so.
238 3583 275 3636 sd
299 3591 441 3640 senatores
464 3593 571 3642 terrore
590 3590 740 3658 cogendos,
816 3591 950 3660 Baebius}
971 3589 1032 3645 Vnt.
1046 3595 1075 3647 Γ.
1093 3592 1203 3647 Bobius.
1222 3598 1256 3646 Δ.
1273 3596 1346 3647 Boe·

175 3667 206 3712 ut
227 3660 303 3714 saevi
330 3659 461 3733 principis
488 3662 623 3720 voluntati
643 3665 739 3720 obedi·
781 3671 850 3725 bino.
890 3670 924 3724 of.
945 3667 1014 3724 Hist.
1034 3667 1080 3734 IV,
1099 3675 1145 3734 50.
1171 3675 1193 3726 3.
1224 3672 1347 3726 Boetius

174 3745 245 3789 rant
285 3737 343 3792 Res
368 3740 404 3792 de
428 3737 588 3797 Domitiano
611 3761 668 3798 non
690 3745 739 3800 ali·
783 3749 885 3802 Masso
917 3763 931 3800 a
958 3748 1190 3818 procuratoribus
1217 3747 1346 3818 Africae,

175 3816 250 3868 unde
270 3824 336 3871 nota
353 3826 414 3879 ortt
433 3818 484 3870 aad
502 3817 576 3874 idem
594 3838 611 3875 a
629 3821 740 3878 Nerone
782 3827 840 3880 iam
869 3833 933 3878 tono
957 3825 1059 3896 optimo
1084 3825 1182 3895 coique
1206 3828 1346 3895 enitiosaa,

174 3889 280 3946 sactum
296 3891 382 3949 tradit
393 3891 508 3949 Tacitus
517 3897 589 3952 Ann.
602 3897 683 3964 XVI,
697 3905 741 3956 27.
784 3912 809 3958 at
834 3903 864 3957 io
882 3921 996 3957 oonosos
1014 3903 1164 3970 motorum,
1190 3923 1259 3974 quoa
1283 3923 1346 3960 moa

207 4001 346 4073 elam]
364 4003 408 4058 [η
424 4005 488 4062 να,
507 4012 540 4062 Δ,
557 4008 663 4063 dmm
680 4016 710 4065 1’.
779 3981 899 4050 tulimus,
917 3980 1030 4052 saepius
1046 3982 1197 4038 raditum.

208 4115 264 4168 aad
712 4123 718 4136 ,
815 4083 872 4130 tum
887 4093 950 4130 roas
969 4075 1041 4144 orotl
1068 4074 1111 4130 Ita
1128 4075 1194 4133 Vnt.
1214 4081 1247 4130 A.
1274 4075 1345 4135 iam

264 4133 305 4169 em
321 4115 428 4186 atrooe]
447 4117 526 4172 Haeo
545 4119 738 4191 adaequantes
780 4161 837 4208 mm
861 4169 925 4208 rm
952 4160 1013 4208 ma
1041 4158 1087 4218 ΓΙ,

173 4191 322 4264 pertinent,
340 4211 397 4249 non
417 4197 453 4247 ad
471 4212 645 4266 praegressa.

211 2434 351 2502 continno]
367 2433 543 2490 Adiectivum
561 2442 611 2491 est.

1122 4161 1151 4208 st
1179 4154 1219 4210 sio
1249 4155 1344 4224 vulgo.

781 4230 874 4295 Quum
899 4248 945 4295 ea,
970 4247 1042 4300 qnae
1060 4229 1192 4301 Agricola
1209 4232 1275 4288 vivo
1296 4235 1345 4288 ad·
1408 4261 1410 4264 ·

206 4304 407 4374 oomnlortam]
430 4305 535 4361 Eorum
552 4305 673 4366 indiossn
690 4312 738 4368 ha·
780 4311 835 4364 hun
864 4307 1023 4365 tolerabilia
1048 4317 1140 4377 arant,
1168 4317 1345 4384 opponantur

173 4382 225 4440 bet
242 4381 358 4443 Seston.
375 4383 458 4441 Dom.
478 4388 519 4442 10.
780 4385 822 4454 iis.
841 4405 913 4460 quas
930 4395 995 4460 post
1015 4387 1074 4446 sius
1097 4396 1214 4446 mortam
1231 4405 1345 4462 prorsus
