3067 4867
188 316 209 392 6·
556 324 861 381 Pnonneomnun.
899 326 981 382 cnr.
999 327 1020 383 1.

189 515 351 579 miseriam
380 514 543 591 toleravit,
577 523 609 579 et
630 515 786 578 iudicium
808 537 901 577 suum
924 514 1084 579 derebus
1107 514 1254 578 humanis
1277 514 1361 578 rexit

192 634 287 709 atque
321 625 529 689 confirmavit.
575 626 695 691 Virtuti
729 625 838 688 omnia
865 645 978 709 parere
1000 623 1132 701 debere,
1166 647 1273 709 neque
1296 624 1360 687 alia

191 756 225 797 re
255 756 351 818 quam
382 734 518 798 honesto
549 733 710 798 censenda
740 756 812 798 esse
837 734 998 798 fortunam
1028 743 1125 818 atque
1147 734 1233 798 lacta
1254 734 1360 797 homi-

192 864 269 907 num
291 866 389 928 quum
412 843 474 907 sibi
495 845 719 930 persuasisset,
743 855 860 929 sponte
883 844 979 927 quasi
1000 864 1039 907 en
1063 844 1221 907 deductus
1244 854 1302 918 est,
1326 854 1362 907 ut

193 954 343 1037 antiqua,
366 955 517 1017 virtutum
540 953 695 1028 fecunda,
719 962 751 1017 et
776 953 954 1037 probitate,
978 952 1181 1028 fortitudine,
1204 954 1361 1037 gravitate

192 1063 347 1137 illustria,
380 1064 472 1127 novis
505 1064 697 1149 praeterret,
731 1085 813 1147 quae
842 1062 915 1126 labe
943 1063 1083 1126 maxima
1105 1062 1222 1127 allecta
1242 1072 1360 1127 essent.

194 1174 281 1236 Hinc
311 1182 375 1249 est,
409 1173 497 1256 quod
524 1196 648 1237 summa
671 1172 882 1236 admiratione
904 1181 1001 1255 atque
1023 1172 1131 1236 studio
1155 1173 1278 1256 gloriae
1300 1172 1362 1235 im-

194 1282 275 1369 perii
297 1283 437 1345 Romani
459 1293 599 1359 tenetur,
623 1283 710 1346 nulla
732 1304 766 1345 re
788 1282 892 1365 magis
918 1279 1080 1366 gaudens,
1112 1304 1209 1365 quam
1232 1282 1258 1345 si
1282 1281 1362 1365 quid

193 1392 386 1455 narrandum
410 1392 522 1468 habet,
549 1393 637 1476 quod
660 1391 811 1475 dignitati
834 1392 1000 1455 Romanae
1022 1400 1276 1455 consentaneum
1300 1401 1361 1467 est,

194 1522 231 1565 ac
253 1522 362 1564 rursus
384 1503 560 1587 aegerrime
581 1503 698 1577 ferens,
722 1502 818 1565 sicuti
836 1502 1036 1565 imminutam
1051 1502 1149 1565 videt.
1194 1503 1271 1567 Vita
1292 1499 1362 1565 eius

195 1630 294 1695 quum
320 1612 489 1675 incidisset
517 1613 551 1675 in
573 1621 720 1697 tempora
742 1611 950 1675 foedissimae
971 1611 1151 1695 tyrannidis
1175 1612 1362 1695 servitiique

195 1722 425 1796 crudelissimi,
459 1744 523 1806 quo
550 1731 636 1786 recte
659 1744 755 1806 agere
776 1732 874 1805 atque
896 1721 1003 1785 dicere
1024 1722 1167 1798 crimini,
1200 1720 1363 1785 silentium

195 1852 255 1915 pro
292 1832 451 1917 sapientia
483 1832 560 1907 fuit,
595 1843 750 1915 quantum
781 1830 973 1895 mortalibus
1000 1830 1122 1895 bonum
1154 1832 1188 1893 in
1214 1830 1363 1895 libertate

195 1941 338 2025 positum
362 1941 416 2017 sit,
451 1941 572 2025 ubique
595 1940 748 2006 declarat.
793 1941 1000 2025 Quamquam
1026 1950 1131 2003 autem
1151 1962 1269 2025 magna
1294 1941 1364 2004 eins

196 2050 408 2113 admiratione
430 2072 468 2114 ac
490 2051 653 2114 desiderio
677 2059 812 2126 tenetur,
834 2072 999 2134 nunquam
1021 2060 1127 2114 tamen
1144 2051 1254 2113 laudat
1269 2049 1364 2114 effre-

196 2168 303 2223 natam
336 2160 424 2225 illam
456 2160 653 2237 libertatem,
687 2159 838 2225 licentiae
872 2170 1059 2245 cognatam,
1092 2182 1177 2243 quae
1206 2161 1364 2224 Romanis

195 2271 407 2335 maximorum
447 2272 603 2335 mulorum
643 2292 759 2334 caussa
796 2270 937 2346 exstitit,
975 2270 1033 2334 sed
1068 2269 1228 2333 modicam
1263 2270 1364 2345 illem,

197 2404 279 2465 quae
312 2382 345 2443 in
376 2398 414 2444 eo
442 2381 597 2456 cernitur,
630 2389 666 2443 ut
696 2402 790 2444 nemo
820 2380 861 2444 ab
883 2388 970 2444 recte
992 2379 1120 2465 agendo
1144 2379 1364 2465 prohibeatur,

198 2513 235 2555 ac
259 2491 377 2555 sentire
403 2512 486 2575 quae
508 2492 593 2567 velit,
619 2512 703 2574 quae
726 2490 845 2553 sentiat
865 2490 973 2553 dicere
996 2490 1109 2575 possit.
1154 2489 1208 2552 Ad
1229 2486 1365 2553 liberam

196 2611 302 2664 autem
330 2622 397 2663 rem
411 2600 589 2686 publicam
611 2622 748 2685 eumque
771 2620 876 2663 rerum
898 2599 1118 2663 Romanarum
1139 2606 1272 2674 statum,
1306 2599 1364 2681 qui

197 2719 271 2775 ante
294 2708 458 2778 Caesares
473 2710 548 2787 luit,
577 2710 674 2775 rediri
698 2732 797 2795 posse
818 2719 873 2772 aut
894 2708 1013 2774 debere
1035 2717 1159 2772 tantum
1183 2706 1300 2783 abfuit,
1327 2718 1364 2771 ut
1395 2694 1403 2717 ’
1520 2715 1521 2742 ³

197 2818 356 2895 crederet,
386 2830 421 2883 ut
442 2821 612 2906 imperium
634 2818 818 2885 Romanum
840 2829 925 2883 stare
946 2840 1012 2881 non
1035 2839 1150 2902 posse,
1176 2816 1238 2880 nisi
1260 2838 1363 2902 penes

197 2952 296 2992 unum
324 2930 372 2993 vis
406 2940 507 3005 esset,
546 2952 618 2993 cum
649 2930 773 3014 optimo
804 2950 935 3013 quoque
963 2926 1102 2990 sentiret.
1155 2924 1363 3010 Principatns

198 3040 283 3101 enim
316 3039 519 3103 consuetudo
553 3050 584 3105 et
616 3040 775 3125 patientia
799 3040 845 3102 ita
874 3039 938 3100 iam
964 3036 1156 3110 invaluerat,
1187 3043 1286 3098 utne
1310 3036 1363 3098 in-

199 3150 296 3234 genui
330 3148 462 3232 quidem
495 3159 592 3233 atque
624 3149 782 3215 libertatis
814 3158 958 3211 amantes
983 3145 1058 3220 viri,
1091 3143 1195 3226 qualis
1227 3142 1363 3207 Tacitus

198 3259 273 3335 luit,
307 3258 401 3323 aliam
426 3258 555 3345 imperii
581 3257 716 3323 formam
742 3266 940 3343 quaererent.
985 3254 1111 3335 Quare,
1145 3273 1243 3334 quum
1264 3252 1364 3317 tidem

199 3369 339 3455 principi
372 3370 553 3453 cuicunque
585 3391 710 3433 servare
744 3369 822 3433 boni
854 3366 912 3429 viri
948 3364 1098 3437 duceret,
1136 3383 1242 3444 neque
1277 3363 1364 3429 ullos
1446 3410 1450 3417 -

197 3480 325 3562 gravius
357 3500 453 3561 quam
481 3480 664 3565 proditores
695 3489 727 3543 et
755 3478 833 3542 fidei
861 3476 1041 3539 desertores
1063 3480 1171 3547 notat,
1202 3472 1283 3535 etsi
1307 3474 1364 3556 qui

197 3602 238 3651 ne¹
266 3587 459 3651 cruciatibus
490 3589 620 3673 quidem
649 3611 686 3653 ae
715 3587 879 3673 supplicio
907 3584 948 3648 ab
977 3582 1085 3647 officio
1108 3581 1363 3657 demererentur,

198 3719 309 3761 eorum
324 3699 471 3760 virtutem
493 3698 587 3763 iustis
609 3698 760 3762 leudibus
781 3697 880 3761 effert.
925 3694 1014 3774 Quin
1037 3693 1133 3757 etiam
1153 3690 1256 3755 malos
1271 3691 1363 3775 prin·

198 3807 288 3891 cipes
323 3806 510 3872 tolerandos
548 3830 635 3885 esse,
676 3817 709 3873 et
740 3805 901 3870 modestia
932 3803 1176 3887 obsequioque,
1212 3820 1277 3865 non
1310 3801 1362 3864 in-

198 3914 334 3979 honesto
368 3916 440 3994 illo,
475 3917 533 3983 sed
568 3918 738 4004 prudentie
769 3925 947 4001 temperato
977 3912 1149 3977 leniundos
1174 3911 1220 3973 ita
1245 3910 1275 3973 ei
1303 3910 1364 3974 fnit

197 4026 348 4102 infixmn,
381 4037 504 4091 utnon
527 4028 719 4092 dubitaverit
742 4024 919 4111 Agricolae
941 4043 1084 4087 summae
1105 4022 1139 4085 id
1162 4019 1251 4083 laudi
1274 4020 1362 4096 dare,

198 4136 289 4198 euius
317 4136 389 4221 ipse
412 4136 497 4201 haud
521 4138 619 4203 dubie
641 4137 825 4223 exemplum
846 4136 989 4199 imitatus
1012 4142 1074 4207 est,
1104 4130 1223 4194 nnllam
1244 4130 1363 4193 Domi·

196 4244 276 4307 tiani
296 4243 444 4310 iniuriam
466 4257 627 4332 expertus.
670 4250 749 4312 Earn
770 4246 962 4332 sapientiam
978 4243 1123 4306 hausisse
1138 4239 1238 4302 videri
1254 4248 1364 4325 potest

197 4374 237 4417 ex
259 4352 528 4440 philosophorum
550 4358 744 4444 praeceptis,
766 4378 852 4441 quae
873 4364 959 4420 certe
981 4352 1113 4439 cognita
1132 4348 1255 4414 habuit
1292 4347 1361 4414 Ne·
1412 4366 1417 4375 ·
