3067 4867
361 310 411 364 DE
432 308 563 367 TACITI
583 311 1139 377 VITA31NGENIOACMORIBUS.
1240 310 1245 316 ’
1311 316 1333 383 5

164 497 260 563 simul
291 520 364 563 oum
395 498 506 564 Plinio
539 500 647 565 iussus
685 509 734 565 est
767 500 857 565 Afris
892 502 1007 568 adesse
1040 510 1155 571 contra
1188 502 1331 567 Marium

162 608 312 673 Priscum
344 630 472 694 procos.
505 611 716 675 maximorum
750 612 908 676 scelerum
940 623 973 677 et
1005 612 1158 677 saevitiae
1186 613 1220 676 in
1253 636 1329 699 pro·

162 717 315 783 vinciales
338 728 536 795 accusatum
561 742 659 804 quam
681 742 830 785 caussam
850 722 897 785 illi
918 723 964 786 ita
979 731 1125 807 egerunt,
1145 731 1182 787 ut
1197 732 1229 788 et
1243 745 1328 800 reus,

161 828 236 893 licet
263 827 372 893 multis
403 830 519 893 acriter
540 852 600 916 pro
624 852 662 895 eo
687 831 925 908 annitentibus,
959 832 1180 909 damnaretur,
1210 843 1242 897 et
1262 833 1329 918 ipsi

162 960 321 1005 summum
342 936 481 1003 fructum
502 940 635 1025 ingenii,
659 940 767 1017 officii,
789 942 993 1007 constantiae
1008 951 1161 1027 caperent
1176 942 1327 1024 (etPtin.

162 1050 247 1135 app.
270 1050 322 1125 Π,
347 1048 423 1133 11.).

245 1158 326 1223 Inde
359 1156 400 1222 ab
430 1180 467 1224 eo
495 1170 641 1247 ternpore
665 1160 746 1225 nihil
777 1162 873 1247 plane
903 1161 944 1225 de
974 1161 1081 1225 Taciti
1102 1160 1169 1225 vita
1191 1162 1326 1237 1111111111

161 1290 267 1353 neque
300 1269 385 1333 enim
417 1269 450 1332 in
483 1270 582 1334 Plinii
618 1270 764 1355 epistolis
798 1270 882 1335 ullus
914 1273 1006 1336 locus
1040 1281 1161 1348 exstat,
1198 1272 1254 1356 qui
1284 1272 1327 1336 ad

162 1380 283 1443 seriora
311 1378 382 1443 eius
409 1389 558 1465 tempora
586 1380 695 1445 referri
725 1382 847 1467 possit,
878 1402 985 1464 neque
1007 1380 1137 1446 aliunde
1160 1382 1327 1466 cognitum

160 1489 316 1555 habemus
348 1489 431 1553 ullas
464 1490 534 1554 eius
566 1490 600 1553 in
630 1490 818 1577 republica
841 1500 948 1577 partes
969 1491 1080 1559 fuisse.
1125 1489 1237 1573 Quare
1259 1489 1345 1611 sta-'1

160 1600 315 1663 tuendum
349 1608 398 1663 est
430 1622 502 1665 eum
536 1599 683 1665 absoluto
718 1600 878 1665 honorum
910 1623 1008 1665 cursu
1036 1602 1224 1685 omissoque
1253 1602 1345 1702 loro}

161 1710 262 1775 otium
282 1708 455 1775 honestum
476 1719 621 1775 secutum
645 1732 726 1787 esse,
748 1707 916 1795 totumque
938 1734 974 1777 se
997 1712 1039 1775 ad
1062 1710 1228 1775 historiam
1244 1703 1346 1808 scri-j

161 1818 300 1885 bendam
331 1820 522 1895 contulisse,
551 1820 643 1883 curius
672 1821 772 1883 studii
797 1820 919 1885 fructus
942 1830 1016 1885 sunt
1038 1842 1138 1907 opera
1159 1822 1324 1885 immorta-

158 1927 215 2006 lia,
253 1949 337 2013 quae
373 1930 563 2005 etiamnum,
601 1953 796 2015 quamquam
827 1930 915 1995 hand
947 1954 1047 2018 parva
1079 1941 1169 2017 parte
1200 1954 1325 2025 manca,

159 2048 333 2125 supersunt
356 2049 387 2104 et
410 2040 695 2125 praestantissimis
709 2042 921 2125 ,antiquitatis
936 2042 1153 2107 monumentis
1168 2064 1324 2107 annume-

158 2158 278 2215 rantur.
321 2150 438 2213 Mortis
465 2158 593 2235 tempus
615 2172 681 2213 non
702 2152 809 2215 minus
831 2153 988 2217 incertum
1010 2175 1108 2237 quam
1129 2152 1244 2217 natalis
1266 2174 1343 2232 aaa

159 2281 229 2327 nus.
273 2260 348 2323 Hoc
370 2280 469 2323 unum
492 2258 632 2323 dubitari
653 2283 719 2325 non
742 2271 852 2347 potest
872 2263 957 2329 ultra
976 2286 1096 2328 annum
1112 2263 1182 2329 116.
1199 2288 1229 2349 p.
1246 2262 1342 2343 chr„

159 2368 353 2455 produxisse
384 2391 457 2434 eum
478 2370 594 2445 vitam,
628 2370 716 2455 quod
738 2372 916 2437 luculenter
937 2383 1026 2459 patet
1048 2396 1088 2439 ex
1108 2372 1214 2440 verbis
1237 2344 1344 2439 anal

157 2480 203 2556 Π,
226 2480 294 2546 61.:
319 2480 521 2565 „Imperium
542 2480 724 2547 Romanum
745 2508 826 2546 nanc
846 2483 978 2547 rubrum
997 2483 1039 2548 ad
1053 2505 1141 2547 mare
1156 2484 1324 2568 patescit.“

159 2588 270 2671 Quum
302 2590 387 2653 enim
415 2612 435 2653 a
461 2590 603 2654 Traiano
629 2592 756 2676 imperii
785 2592 867 2656 fines
893 2593 1060 2678 usquead
1083 2591 1215 2659 rubrum
1236 2615 1323 2658 mare

158 2700 287 2765 demum
310 2722 337 2765 a.
362 2699 432 2765 115.
455 2722 485 2785 p.
509 2698 585 2767 Chr.
608 2702 749 2785 promoti
771 2711 880 2766 essent
904 2702 958 2784 (11.
981 2704 1118 2787 Eutrop.
1142 2701 1245 2779 VHI,
1268 2704 1321 2783 3.),

156 2808 197 2873 ab
214 2809 385 2875 Hadriano
407 2818 515 2875 autem
536 2832 612 2874 mox
634 2811 747 2875 omissi
770 2819 811 2892 (a.
831 2812 923 2892 111).
945 2834 1080 2877 necesse
1095 2821 1145 2877 est
1160 2812 1321 2890 Tacitum,

156 2919 283 2983 ateius
305 2920 353 2984 rei
373 2921 559 2984 memoriam
581 2921 744 2999 iniiceret,
767 2930 845 2987 tuno
867 2920 973 2987 adhuc
991 2922 1024 2986 in
1046 2922 1127 2986 vivis
1148 2921 1259 2989 luisse.

240 3028 279 3094 Si
309 3029 485 3113 quisalius
508 3052 548 3095 ex
570 3030 748 3110 veteribus,
782 3030 929 3118 prolecto
954 3033 1088 3097 Tacitus
1111 3030 1241 3097 sublimi
1261 3031 1323 3114 fuit

157 3148 329 3223 erectoque
353 3140 497 3225 ingenio.
540 3140 626 3205 Rara
648 3142 734 3207 enim
755 3142 866 3208 indole
888 3143 1070 3228 praeditus,
1102 3143 1151 3207 sio
1170 3164 1246 3206 eam
1266 3142 1320 3206 lit·

155 3250 243 3325 teris,
266 3250 445 3335 sapientiae
467 3251 586 3329 studio,
609 3253 806 3337 optimorum
826 3252 1041 3317 aemulatione
1064 3251 1208 3317 excoluit
1224 3262 1321 3337 atque

156 3358 317 3436 formavit,
340 3369 375 3423 ut
396 3360 463 3425 veri
484 3361 673 3446 cognitione
694 3372 791 3447 atque
813 3363 1035 3427 aestimatione
1056 3362 1170 3448 pauci,
1192 3360 1321 3427 honesti

157 3490 266 3535 amore
292 3468 359 3535 fere
387 3491 483 3535 nemo
513 3472 544 3536 ei
574 3473 811 3558 comparandus
837 3474 993 3537 videatur.
1038 3472 1181 3537 Perosus
1205 3473 1320 3537 aetatis

156 3600 235 3645 suae
268 3580 471 3666 pravitatem,
504 3582 538 3645 in
567 3582 713 3660 mollitie,
743 3584 859 3647 insana
887 3583 1045 3670 pecuniae
1066 3592 1100 3647 et
1119 3582 1321 3667 voluptatum

155 3689 326 3776 cupidine,
369 3688 536 3755 dissolutis
571 3692 736 3771 moribus,
774 3691 908 3758 deorum
945 3701 1133 3778 contemptu
1168 3692 1320 3777 positam,

155 3800 250 3864 unice
278 3800 312 3863 id
343 3799 492 3886 probavit
513 3812 545 3866 et
567 3812 705 3868 sectatus
728 3813 791 3879 est,
825 3803 915 3887 quod
936 3800 1076 3888 probum
1095 3802 1227 3886 verique
1252 3812 1320 3868 stu·

156 3908 284 3974 diosum
306 3908 469 3975 hominem
491 3912 592 3980 decet.
644 3913 704 3979 Sui
725 3913 881 3999 temporis
901 3913 1017 3998 igitur,
1048 3912 1137 3996 quod
1158 3913 1239 3977 nihil
1261 3912 1320 3979 ha·

154 4020 245 4085 beret
263 4021 392 4106 integri,
415 4023 495 4099 sani,
517 4024 627 4109 magni
649 4033 745 4108 atque
766 4021 902 4099 robusti,
924 4044 1023 4107 quum
1044 4044 1120 4087 eum
1139 4024 1322 4108 poeniteret

156 4151 193 4195 ac
215 4130 374 4208 taederet,
405 4141 513 4197 mente
538 4153 573 4197 se
598 4134 641 4197 ad
661 4134 797 4218 antiqua
818 4155 922 4218 eaque
943 4132 1078 4197 meliora
1098 4141 1246 4217 tempora
1267 4155 1318 4199 re-

155 4240 256 4325 cepit,
286 4240 407 4326 illaque
433 4243 562 4307 intuens
592 4252 625 4306 11
653 4244 829 4309 admiratus
861 4244 938 4309 inde
960 4242 1068 4307 bausit
1086 4241 1208 4307 virilem
1229 4242 1320 4309 illum

153 4360 186 4418 et
214 4371 321 4415 rerum
346 4374 499 4419 vanarum
528 4362 783 4441 contemptorem
805 4353 963 4434 animum,
997 4375 1062 4439 quo
1084 4362 1118 4419 et
1138 4362 1321 4441 temporum
