3067 4867
539 320 748 382 Aculeone.
786 321 816 380 O.
833 323 894 382 XL.
913 317 987 379 LXI.
1291 321 1349 390 131

181 514 309 592 amissi,
345 523 393 581 tot
428 514 583 582 militares
610 516 669 580 vin'
703 537 777 580 cum
795 524 858 580 -tot
872 563 874 568 -
888 511 1075 580 cohortibus
1102 513 1286 600 'expugniti
1321 524 1352 582 et

181 626 288 712 capti3
309 625 371 692 nec
392 625 457 692 ism
479 626 519 692 de
539 626 641 692 limite
661 625 789 712 imperii
806 636 838 691 et
851 624 933 712 ripn,
956 624 1015 689 sed
1031 623 1071 688 de
1088 621 1230 690 hibernis
1246 625 1350 711 legio-

118 719 120 721 *
156 751 259 802 enum
282 745 313 800 et
335 736 544 824 possessione
567 735 759 804 dubitatum.
810 737 861 802 Ita
890 757 962 800 cum
985 735 1102 800 damna
1124 735 1250 800 damnis
1273 757 1351 800 con·

182 846 395 924 tinusrentnr,
425 858 524 935 atque
546 848 651 913 omnis
673 869 778 913 annus
800 845 967 912 funeribus
991 856 1023 909 et
1044 843 1190 910 cladibus
1213 845 1350 932 insigni·

180 967 285 1034 retur,
332 957 528 1045 poscebatur
564 979 620 1023 ore
647 957 742 1043 xvulgi
777 957 843 1022 dux
873 954 1045 1042 Agricola,
1090 955 1351 1042 comparantibus

182 1068 308 1134 cunctis
339 1069 484 1154 vigorem
516 1079 549 1134 et
581 1068 794 1135 constantiam
827 1078 859 1131 et
888 1076 1054 1154 expertum
1087 1064 1180 1130 bellis
1210 1067 1351 1132 animum

158 1192 255 1245 tcum
281 1179 396 1244 inertia
423 1190 456 1244 et
474 1179 647 1245 formidine
667 1191 856 1244 ceterorum.
902 1176 1032 1261 Quibus
1053 1176 1255 1243 sermonibus
1275 1179 1352 1244 satis

182 1299 313 1354 constat
325 1290 505 1356 Domitiani
527 1311 659 1378 quoque
681 1311 777 1355 aures
794 1287 987 1364 verberatas,
1011 1288 1088 1352 dum
1103 1288 1245 1375 optimus
1262 1290 1351 1374 quis7

182 1420 247 1486 que
274 1398 465 1466 libertorum
497 1423 607 1467 amore
640 1412 673 1467 et
699 1401 778 1478 fide,
812 1399 945 1487 pessimi
970 1398 1170 1484 malignitate
1199 1409 1231 1463 et
1252 1400 1352 1468 livore

159 1531 324 1597 sps-onum
355 1510 568 1576 deterioribus
598 1506 779 1598 principem
809 1508 1068 1577 exstimulabant.
1113 1508 1170 1575 Sic
1196 1511 1353 1596 Agricola

184 1620 280 1685 simul
312 1621 379 1686 suis
409 1621 595 1698 virtutibus,
629 1621 724 1687 simul
750 1620 835 1686 vitiis
866 1619 1001 1685 aliorum
1029 1619 1062 1683 in
1087 1618 1194 1706 ipsam
1216 1621 1353 1707 gloriam

183 1753 343 1819 praeceps
365 1731 529 1818 agebatur.

183 1917 270 1972 latum
294 1924 351 1983 est,
376 1917 416 1972 its
439 1925 470 1972 ut
493 1920 644 1988 eapugnati
661 1918 747 1989 signi·
790 1933 849 1972 rum
870 1933 966 1971 corum
985 1916 1171 1988 pertinerent,
1200 1917 1354 1988 exquibus

185 1996 250 2050 ficet
267 1995 431 2065 opsonatu
449 1996 573 2050 castellis
593 1996 731 2067 oppressi.
790 1993 856 2048 nori
893 1996 978 2048 duces
1015 2002 1113 2048 eontra
1151 1997 1244 2050 hostes
1283 1997 1352 2050 sumi

218 2074 253 2126 de
273 2073 360 2126 limite
381 2073 503 2144 imperii]
527 2075 619 2128 Limes
636 2074 751 2145 imperii
790 2079 905 2144 possent
918 2072 1108 2138 (formidine).
1135 2073 1238 2128 Omnes
1251 2074 1354 2146 quippe

184 2149 287 2203 vallum
317 2156 379 2203 erat
406 2150 543 2205 maximae
566 2151 748 2223 longitudinis
790 2149 894 2204 inertes
911 2157 940 2204 et
956 2149 1051 2218 ignovi
1070 2158 1157 2204 erant.

185 2227 308 2281 castellis
327 2227 431 2280 crebris
450 2228 584 2283 munitum
602 2231 637 2283 ad
651 2246 747 2282 arcen·
825 2241 849 2290 4,
881 2235 984 2298 Quibus
1007 2236 1178 2289 sermonibus
1202 2265 1236 2276 -
1263 2238 1355 2292 ses-be·

185 2305 234 2356 das
261 2303 381 2357 hostium
405 2304 571 2376 irruptiones
592 2305 620 2359 in
639 2307 749 2361 Panno·
791 2313 880 2379 ratas]
914 2312 930 2368 ἰ.
957 2329 980 2368 e.
1011 2330 1080 2383 quos
1110 2330 1250 2367 sermones
1271 2331 1355 2385 saepe

183 2382 230 2435 nia
249 2381 394 2452 Daciaque
419 2383 515 2438 factas.
541 2413 575 2422 -
604 2384 682 2454 Ilipa
706 2391 749 2438 est
791 2388 957 2457 multumque
999 2391 1041 2442 ad
1080 2407 1164 2444 auses
1203 2391 1354 2447 Domitiani

184 2457 316 2522 Danubii,
335 2459 383 2528 qui
403 2459 507 2530 pariter
524 2477 576 2531 pro
588 2478 748 2531 propugno·
787 2466 955 2535 peruenisse.

185 2537 249 2591 culo
267 2537 431 2593 hebebatur.
826 2544 891 2596 dam
921 2573 953 2582 -
987 2544 1210 2615 exstimulabant]
1250 2547 1356 2618 Imper-

213 2614 400 2684 possessione]
415 2614 583 2686 Praegnanti
598 2631 681 2669 sensu
694 2621 748 2670 est:
792 2621 867 2677 secto
883 2619 1054 2690 perpetuitas
1064 2620 1261 2676 exstimulandi
1272 2625 1356 2693 signi·

184 2693 221 2746 de
237 2692 303 2761 epea
315 2693 507 2761 possessione,
526 2694 562 2746 de
582 2693 667 2747 totius
679 2710 749 2763 pro·
792 2699 891 2752 ficetur
904 2698 1012 2766 (Germ.
1026 2699 1252 2767 incinemfort);
1270 2720 1355 2772 quare
1435 2739 1438 2746 ·

183 2770 488 2839 uincioepossessionm
499 2770 599 2825 limites
610 2770 750 2825 enimsive
793 2793 849 2828 non
878 2782 933 2842 est,
966 2776 1041 2844 quod
1070 2776 1098 2828 in
1126 2777 1192 2829 dum
1218 2779 1356 2847 particule

185 2847 261 2914 lines,
270 2863 321 2915 pro
333 2864 451 2916 quorum
462 2848 566 2902 ambitu
578 2866 626 2903 res
637 2848 751 2903 selma-
794 2857 864 2905 cum'
881 2853 935 2906 hoc
958 2859 1083 2922 tempore
1103 2852 1252 2911 coniuncta
1270 2858 1356 2910 otien-

186 2923 228 2977 ior
247 2923 291 2975 vel
309 2923 460 2991 minentis,
479 2926 531 2979 toti
545 2926 590 2980 rei
605 2943 750 2997 opponun-
794 2933 885 2983 datur.

185 3008 246 3068 tur;
266 3000 302 3055 cs.
318 3001 374 3056 Cic
390 3003 478 3058 Aoad.
494 3003 530 3066 ΙΙ,
547 3009 589 3067 43,
612 3008 668 3060 132.
699 3007 752 3058 Est
828 3023 924 3060 amore
942 3014 968 3058 et
980 3007 1042 3075 fide
1060 3006 1121 3076 etc]
1141 3023 1179 3062 sc.
1200 3009 1247 3078 qui
1262 3029 1357 3066 amore

186 3076 258 3132 enim
282 3078 355 3130 inter
379 3095 426 3131 eos
443 3097 499 3133 non
519 3081 554 3134 sle
579 3081 751 3149 terminis,
794 3093 820 3138 et
837 3086 898 3154 flue
918 3083 948 3136 in
966 3084 1159 3138 Domitianum
1183 3087 1358 3156 ducebamur,

185 3157 237 3209 sed
262 3155 297 3207 ale
326 3163 401 3209 tota
423 3158 660 3226 possessione
688 3175 750 3212 con·
795 3162 948 3215 laudabant
976 3159 1153 3228 Agricolam,
1189 3171 1217 3216 et
1247 3173 1276 3218 ut
1301 3168 1357 3220 dux

185 3232 280 3287 tentio.
796 3247 893 3293 contra
912 3241 1003 3292 hostes
1022 3237 1177 3292 mitteretur
1192 3245 1358 3310 suadebant,

220 3308 751 3381 dubitatum]i.e.perielitatum;cf.o.
796 3315 861 3386 quia
892 3316 920 3369 id
949 3314 1106 3368 Domitiano
1132 3316 1200 3372 utile
1228 3319 1288 3373 fore
1315 3339 1359 3374 re-

187 3392 248 3452 5,3.
274 3389 317 3441 In
334 3388 498 3457 ambiguo
515 3389 670 3443 Britannia
681 3389 751 3457 fuit.
795 3395 913 3456 bantur3
948 3392 1067 3461 pessimi
1094 3391 1233 3449 laudando
1266 3415 1299 3451 eo
1330 3407 1360 3452 et

222 3480 246 3529 3.
270 3472 360 3526 omaus
375 3476 478 3543 unmsel
503 3475 520 3529 i.
539 3492 564 3529 e.
581 3475 688 3543 dispuli
705 3476 752 3528 de·
795 3470 872 3540 vulgi
903 3469 1069 3523 honorificos
1097 3471 1132 3524 de
1158 3489 1192 3525 co
1218 3491 1358 3529 sermones

186 3552 280 3620 inceps
301 3550 385 3617 anni,
409 3551 457 3622 qui
480 3552 559 3606 suere
584 3557 625 3608 86.
648 3557 687 3608 87,
711 3557 752 3608 88.
794 3547 945 3602 referendo
969 3545 998 3599 id
1023 3545 1134 3602 efficere
1157 3546 1305 3616 volebant,
1329 3561 1359 3605 ut

186 3647 215 3700 p.
236 3628 300 3683 cnr.
319 3646 347 3682 n.
796 3624 985 3679 Domitianum
1007 3622 1035 3676 in
1054 3642 1116 3678 eum
1134 3624 1281 3680 irritarent.

214 3705 367 3773 sumrilue
390 3711 416 3758 et
441 3705 580 3775 cladibus]
618 3703 677 3758 Illis
699 3706 752 3772 fa·
831 3709 855 3757 5.
881 3703 957 3756 uitiis
982 3701 1113 3769 attonat]
1151 3703 1227 3757 Vitia
1250 3705 1277 3758 in
1301 3705 1359 3760 uni-

187 3783 339 3850 mils’arum,
356 3780 399 3836 his
418 3782 539 3837 muitats's
555 3781 753 3852 damnnsigni·
796 3796 906 3834 versum
940 3787 1003 3832 sunt
1029 3780 1075 3832 vel
1099 3778 1202 3847 ingenii
1228 3782 1274 3834 vel
1302 3799 1360 3836 mo·

187 3861 314 3916 ficantur.
796 3877 871 3921 rum3
901 3858 936 3910 ad
962 3856 1011 3910 illa
1034 3856 1155 3928 pertinet
1172 3859 1314 3914 temeritas
1333 3869 1361 3915 et

221 3936 417 4006 munuum]
435 3955 461 3989 v.
482 3938 518 3991 ad
536 3954 560 3990 o.
580 3941 622 4004 36,
641 3942 664 3991 1.
797 3934 910 4006 ignavia
928 3936 1028 3987 ducum
1048 3933 1219 4000 inhabilium,
1238 3940 1275 3990 sd
1291 3941 1361 3992 bueo

221 4022 385 4092 ceterorum]
421 4021 487 4076 Vst.
524 4029 553 4076 Γ,
583 4025 616 4076 Δ.
651 4039 753 4076 eonon,
796 4011 955 4081 malignitas
968 4010 1135 4065 invidorum.
1165 4013 1287 4085 Utraque
1301 4017 1361 4086 glo·

189 4100 321 4155 Comi,
340 4100 375 4154 fl,
395 4099 511 4154 (proteu,
530 4098 626 4153 vigum
651 4117 686 4154 ex
707 4117 754 4153 ne.
796 4090 865 4144 riam
902 4089 1051 4159 Agricolae
1086 4089 1273 4156 addiderunt,
1313 4093 1363 4148 illa

189 4178 282 4249 glecto
311 4178 358 4231 vel
384 4177 485 4232 omisso
515 4176 655 4232 scribendi
680 4195 754 4232 conr·
798 4167 1006 4238 ⁰⁰¹⁰P⁰f⁸ll⁰¹¹⁹
1037 4185 1098 4220 (ΝΜ
1132 4167 1191 4224 ‘lul
1219 4180 1362 4238 Pl'ffllflss·

190 4255 294 4326 pendio
313 4258 440 4319 (c'erum)
460 4263 559 4310 ortum.
588 4255 757 4309 Osterisunt
798 4245 851 4308 tia,
878 4246 948 4298 baec
972 4242 1094 4314 maligna
1110 4252 1138 4298 et
1157 4249 1191 4298 ad
1212 4248 1362 4316 perniciem

189 4349 282 4386 omnes
302 4332 372 4396 alii,
390 4331 570 4404 quinetiam
581 4331 649 4386 victi
663 4339 757 4386 essent
799 4321 955 4394 composita
973 4321 1032 4376 eius
1055 4322 1225 4380 laudatione.

191 4412 227 4472 sb
245 4410 373 4470 hostibus
392 4411 528 4484 timia),
545 4411 592 4472 rel
607 4411 644 4470 sd
661 4427 757 4472 uume-
834 4409 864 4464 in
895 4408 1017 4478 gloriam
1047 4425 1186 4484 praeceps
1218 4410 1360 4480 agebatur]

1110 4495 1155 4558 9*
