3067 4867
198 357 240 425 26
470 309 479 317 ·
610 355 794 413 CORNELII
816 356 950 413 TACITI

199 532 272 598 dam
306 530 458 618 gentibus
494 552 533 596 ac
566 530 715 617 regibus,
752 554 834 615 quos
871 529 992 595 bellum
1028 529 1164 617 aperuit
1222 528 1395 605 Rhenus‚3

197 642 403 708 Raeticarum
425 642 559 729 Alpium
581 642 748 706 inaccesso
772 664 810 706 ac
831 640 1003 729 praecipiti
1026 641 1147 707 vertice
1171 650 1271 717 ortus,
1298 661 1371 703 mo·

199 752 273 818 dico
294 754 386 828 flexu·
406 752 441 840 in
463 753 663 818 occidentem
686 758 797 817 versus
820 751 1063 839 septentrionali
1086 751 1224 818 Oceano
1250 752 1371 816 misce·-

198 874 258 930 tur.
301 862 484 940 Danubius,
503 863 594 929 molli
615 875 647 928 et
668 862 842 929 clementer
863 863 950 929 edito
972 864 1091 927 montis
1106 862 1270 947 Abnobae
1289 861 1398 947 iugot

198 975 336 1052 effusus,
368 974 477 1061 plures
505 973 647 1061 populos
679 974 764 1053 adit,
799 974 903 1040 donec
931 975 964 1037 in
991 973 1167 1041 Ponticum
1195 995 1283 1039 mare
1313 994 1374 1037 sex
1411 1010 1429 1029 J

198 1084 358 1151 meatibus
380 1096 543 1171 erumpat3
571 1086 745 1172 septimum
767 1108 804 1149 os
827 1084 1002 1171 paludibus
1027 1085 1181 1149 hauritur.

282 1196 326 1261 Π.
369 1198 467 1283 Ipsos
500 1195 682 1263 Germanos
717 1195 888 1280 indigenas
926 1195 1134 1273 crediderim,
1171 1196 1374 1279 minimeque

199 1307 332 1371 aliarum
358 1307 504 1393 gentium
534 1307 673 1371 adventu
701 1319 733 1373 et
760 1306 912 1393 hospitiis
941 1306 1071 1383 mistos,
1103 1305 1181 1390 quia
1202 1328 1264 1371 nec
1286 1317 1375 1370 terra

199 1418 277 1483 olim
298 1418 357 1483 sed
378 1417 536 1511 classibus
555 1417 807 1497 advehebantur,
828 1412 884 1505 qui
905 1427 1029 1483 mutare
1051 1417 1145 1481 sedes
1161 1416 1374 1501 quaerebant,

233 1622 335 1676 bellona
348 1622 468 1692 aperuit]
483 1621 500 1677 i.
514 1640 538 1676 e.
552 1625 589 1675 ad
603 1640 672 1693 quos
684 1620 760 1675 bello
804 1629 933 1693 corrupte
954 1622 1084 1676 seribitur
1106 1622 1151 1676 vel
1171 1622 1306 1675 Arnobae
1328 1620 1374 1675 vel

199 1700 290 1753 aditus
309 1709 422 1772 paratus
440 1708 499 1765 est3
521 1700 556 1753 cs.
572 1699 721 1769 Agric.22‚
737 1705 759 1755 1.
804 1699 944 1755 Arbonae.
983 1700 1113 1755 Rhenani
1139 1698 1275 1754 correctio
1307 1716 1375 1754 con-

200 1778 311 1831 Tertiaa
334 1778 537 1848 expeditionum
561 1796 652 1830 annua
673 1795 762 1831 nonae
804 1777 927 1831 firmatur
950 1776 1132 1849 inscriptione
1152 1778 1180 1833 in
1201 1777 1263 1848 ipsa
1282 1776 1376 1847 Nigra

197 1864 290 1923 pentes
312 1856 464 1925 apernit.
507 1854 637 1909 Ceterum
660 1855 762 1908 bellnam
805 1855 876 1907 silva
906 1863 1018 1925 reperta
1045 1855 1150 1923 (Orelli
1177 1857 1279 1911 Inscrr.
1307 1854 1372 1911 Lat.

198 1952 254 1987 non
272 1932 483 2003 intelligendum
498 1939 539 1987 est
559 1950 620 1986 cum
638 1931 680 1998 his
696 1931 761 2003 ipsis
805 1931 870 1987 Vol.
884 1931 905 1988 I.
921 1950 948 2003 p.
963 1938 1021 1989 351.
1042 1934 1095 1987 No.
1111 1936 1211 2002 1986),
1231 1941 1259 1987 et
1277 1940 1374 1987 aucto·

198 2010 350 2064 insularum
368 2009 482 2079 regibus
498 2017 614 2079 gestum,
632 2012 680 2063 sed
698 2026 762 2063 cum
805 2008 888 2062 ritate
905 2008 1005 2063 Avieni
1023 2030 1048 2064 v.
1062 2016 1121 2067 437.
1156 2012 1276 2064 Abnoba
1294 2028 1375 2063 mona

198 2088 363 2161 propinquis
381 2088 409 2141 in
424 2086 577 2141 continenti
595 2088 762 2143 nationibus.
805 2087 880 2141 Intro
890 2094 977 2157 pater
989 2096 1041 2157 eat,
1053 2089 1131 2143 cadit
1143 2088 1279 2143 Abnobae
1293 2088 1375 2143 biatu

232 2171 257 2219 3.
277 2165 427 2235 inaccesso]
449 2165 466 2221 i.
480 2183 503 2219 c.
519 2167 555 2219 ad
567 2182 650 2234 quem
665 2163 762 2218 accedi
805 2165 938 2233 I¹⁷lnmen;
951 2181 1002 2218 nee
1014 2164 1373 2236 discrepatPtolem.Il‚ll.

198 2260 255 2297 non
276 2251 370 2313 potest
392 2268 427 2287 ·-·-
446 2241 651 2309 inaccessibili3
679 2260 704 2297 v.
726 2243 763 2295 ad
805 2242 925 2296 Abnoba
942 2242 1026 2297 hodie
1046 2246 1073 2298 d.
1092 2239 1303 2297 Schwarzwald.

197 2321 266 2377 Sall.
286 2321 346 2390 Ing
364 2326 388 2385 2,
407 2325 430 2375 3.
450 2322 494 2374 ed.
510 2320 547 2373 ΙΙ.
840 2320 975 2390 erumpat]
1004 2321 1048 2374 Ita
1066 2322 1148 2375 codd.
1170 2322 1231 2377 fere
1254 2337 1372 2387 omnes;

232 2398 335 2468 aaran]
355 2396 600 2467 Participiumest,
613 2415 762 2467 nonprae·
805 2400 860 2451 duo
880 2398 1058 2467 erumpit.-
1025 2397 1135 2452 -Ubi
1154 2398 1272 2453 actionis
1291 2397 1373 2451 unius

198 2476 315 2567 positio;
335 2476 370 2533 ef
389 2475 462 2529 Hist.
481 2476 518 2539 ΙΙ,
538 2480 579 2543 83,
599 2481 623 2532 2.
650 2476 763 2529 Versum
805 2483 914 2545 tempus
927 2477 1028 2529 durare
1041 2474 1142 2528 drcrtur
1161 2494 1285 2566 usque
1267 2476 1329 2530 ad'
1322 2474 1374 2529 rni-

198 2556 229 2608 in
247 2553 366 2608 Italiam
387 2570 474 2608 mare.
502 2553 530 2619 I,
549 2558 591 2617 76,
609 2559 633 2608 4.
664 2553 764 2606 Omnes
806 2552 873 2607 tium
892 2552 1005 2605 alterius
1024 2550 1142 2607 actionis
1160 2553 1280 2607 inundo
1297 2554 1373 2607 facto

197 2649 295 2686 vasae
322 2632 352 2685 in
381 2632 512 2685 orientem
533 2630 764 2701 provinciae-
806 2628 925 2701 positae,
941 2632 1029 2684 donea
1045 2629 1167 2699 legitime
1186 2647 1248 2684 eum
1266 2629 1374 2683 indica·

199 2708 380 2782 Copulativae
404 2718 431 2764 et
453 2707 610 2781 particulae
628 2710 701 2763 inter
718 2726 763 2761 or·
805 2708 862 2761 tivo
889 2708 1065 2761 construitur.
1107 2707 1251 2763 stramen
1275 2706 1374 2761 intuli

197 2795 242 2841 tna
259 2819 293 2828 —
312 2806 407 2842 verane
431 2786 578 2858 participia
603 2787 682 2839 locus
706 2804 763 2839 uon
806 2802 879 2839 nexu
893 2784 1083 2839 coniunctivus
1097 2784 1246 2855 reperitur,
1265 2786 1320 2837 hoc
1339 2802 1373 2839 eo

199 2873 249 2934 est,
268 2873 419 2937 propterea
432 2868 509 2935 quod
527 2865 598 2919 illud
610 2863 664 2918 vim
677 2866 763 2917 habet
805 2866 849 2931 lit,
869 2865 944 2931 quod
964 2862 1082 2933 simplex
1101 2862 1233 2933 cogitatio
1255 2862 1283 2915 in
1304 2864 1374 2916 duas

198 2943 334 2998 enuntiati
346 2942 485 3007 adiectivi‚
495 2944 548 2995 hoo
557 2941 763 3012 temporalis.—
794 2939 988 3009 vcogitationes
1015 2940 1146 3003 solvitur,
1175 2958 1293 3011 quarum
1323 2958 1374 3011 po-

197 3022 303 3076 Fleant
319 3040 375 3076 non
394 3028 437 3074 est
452 3018 603 3090 superioris
620 3018 712 3072 Rheni
734 3018 762 3071 in
806 3016 908 3072 sterior
928 3034 963 3071 ex
982 3016 1086 3087 priore,
1106 3034 1178 3087 quae
1198 3025 1292 3071 mente
1312 3024 1375 3071 tan·

197 3100 349 3163 Helvetiis,
376 3102 425 3153 sed
446 3095 585 3151 inferioris
608 3096 637 3149 in
655 3095 762 3165 Belgis.
806 3105 865 3149 tum
878 3103 1015 3167 concepta
1025 3094 1117 3149 verbis
1130 3112 1185 3149 non
1199 3094 1376 3166 exprimitur,

233 3184 257 3233 4.
275 3177 365 3247 molli]
380 3176 398 3233 i.
409 3195 433 3233 e.
446 3195 503 3230 uon
515 3192 625 3238 saxoso,
638 3176 764 3227 humum·
806 3174 921 3244 pendet.
944 3172 1037 3235 Quare
1051 3172 1131 3226 huius
1146 3172 1200 3235 loci
1215 3172 1287 3227 ratio
1303 3174 1376 3226 hacc

199 3275 254 3327 que
271 3256 391 3310 fertilem
408 3257 548 3321 habent03
566 3251 762 3306 essartum.
807 3257 865 3305 est:
893 3251 982 3305 donoc
1007 3268 1038 3303 eo
1060 3250 1261 3319 propnetam,
1287 3258 1319 3303 nt
1347 3250 1376 3303 in

198 3334 244 3389 Fr.
259 3333 307 3397 IV,
322 3338 363 3389 33.
393 3332 501 3386 Italiae
513 3331 607 3401 plana
625 3347 660 3383 ac
678 3329 764 3382 mol·
806 3327 953 3381 Ponticum
966 3336 1236 3397 mare—erumpat.
1254 3327 1375 3384 chnn.

198 3405 313 3475 liu'ib.
327 3410 376 3477 IV,
391 3416 432 3466 36.
452 3410 567 3463 Natura
585 3406 764 3461 mollioris
807 3405 849 3469 ΙΙ,
869 3409 893 3471 6,
911 3409 934 3459 3.
965 3406 1078 3458 Rhenus
1103 3413 1195 3457 teneat
1221 3420 1323 3458 nomen
1350 3413 1377 3458 et

197 3489 315 3544 Italiae.
760 3538 764 3543 ,
805 3482 980 3545 uiolentiam,
1006 3501 1061 3551 qua
1084 3480 1269 3535 Germaniam
1287 3499 1377 3553 prae-

233 3565 388 3635 clamenter]
406 3564 582 3617 Adiectivnm
602 3562 706 3634 pariter
724 3570 764 3615 et·
805 3560 1037 3629 nabitar‚ctoneo
1048 3560 1157 3613 Oceano
1172 3560 1376 3617 miratatur.

199 3643 440 3716 queadverbium,
457 3640 607 3697 amoribus
622 3638 764 3695 hominum
807 3640 844 3692 ib.
865 3638 886 3701 Ι,
905 3642 947 3705 32,
967 3642 991 3693 2,
1020 3636 1219 3705 Septimina—
1238 3654 1270 3691 eo
1288 3654 1378 3706 aeque

198 3725 293 3778 adres
306 3720 409 3777 etloca
422 3718 596 3782 translatum
614 3724 763 3788 usurpatur
801 3678 951 3786 flapitatab
976 3722 1029 3782 eet,
1004 3714 1170 3767 tdonee
1196 3715 1237 3767 ad
1261 3714 1378 3768 anitium

200 3802 235 3853 de
262 3798 404 3863 omnibus,
432 3814 505 3868 quae
531 3796 559 3849 in
582 3812 632 3849 suo
659 3812 763 3863 genere
807 3790 1037 3861 deneratam·
1030 3809 1045 3845 ι.
1058 3807 1083 3844 e.
1097 3792 1186 3845 denec
1204 3791 1379 3863 ideffeotnm

198 3876 311 3930 modica
329 3884 407 3946 sunt;
426 3893 449 3928 v.
470 3876 507 3927 ad
523 3873 591 3928 Sall.
609 3871 724 3943 luget,
742 3877 763 3928 1
807 3878 862 3938 eat,
886 3877 917 3923 nt
943 3870 1099 3923 dederetur.
1131 3867 1203 3920 iufra
1230 3886 1253 3922 c.
1279 3874 1325 3937 31,
1353 3875 1377 3925 4.

199 3956 244 4008 ed.
257 3954 293 4007 Il
320 3952 443 4019 Quare
430 3970 525 4021 rapam
543 3951 689 4005 clementer
706 3949 764 4003 edi·
808 3909 925 4002 Dbnee
943 3945 1090 4015 enennpnie
1105 3944 1194 3997 virtus
1211 3952 1269 3999 tam
1284 3908 1378 3999 deirae

190 4029 257 4084 'tam
276 4041 331 4096 est,
357 4033 433 4103 quod
455 4030 556 4085 leniter
579 4037 608 4083 et
631 4026 763 4098 paulatim
805 4024 903 4079 virtuti
921 4024 1045 4093 impares
1055 4023 1188 4091 faciat.
1218 4028 1261 4091 46,
1281 4029 1306 4079 4

200 4108 334 4179 assurgit;
355 4109 390 4163 of.
400 4108 474 4163 Anu.
482 4106 562 4170 XIII,
572 4110 649 4171 33,3.
672 4104 711 4159 Co
713 4104 765 4157 lber
841 4100 986 4189 aeptimam
1005 4100 1046 4169 oa]
1070 4099 1165 4168 Vulgo
1188 4108 1257 4170 sept.
1282 4102 1379 4155 enim

192 4184 349 4238 clement
338 4193 392 4239 ter
410 4193 595 4254 aoaarpentm
621 4183 694 4235 Hist.
713 4181 763 4245 111,
807 4196 846 4243 oa,
862 4176 1123 4249 exintcrpolatione
1140 4176 1184 4231 ed.
1198 4195 1240 4248 pr.
1255 4176 1378 4233 Codices

200 4268 243 4325 52,
265 4268 289 4318 1.
326 4262 434 4333 Siqua
451 4260 624 4332 Apennini
611 4278 678 4329 rapa
694 4258 765 4312 cle·
807 4271 902 4307 omnes
919 4255 992 4309 enim
1012 4254 1153 4323 ignorant.

200 4339 350 4393 mentiar
368 4340 525 4393 adirentur
837 4330 993 4400 paladibus
1014 4330 1190 4401 hauritur]
1183 4349 1200 4387 ι.
1223 4347 1248 4385 e.
1273 4331 1380 4386 desinit

235 4416 377 4486 Abnobae]
391 4414 765 4471 1ucoddomurbusuomen
806 4408 836 4464 iu
854 4408 1004 4479 paludibus
1023 4410 1127 4478 (Germ
1146 4408 1184 4463 (31
1199 4410 1379 4481 oereampfl).
