3067 4867
204 340 273 397 vm
685 353 909 412 PRAEFATIO.

204 515 327 594 lorum,
356 540 437 602 quas
458 542 566 605 neque
588 522 724 589 Tacitus
752 515 901 592 accurate
926 529 1074 614 cognitas
1105 528 1236 606 habuit,
1266 534 1375 620 neque

207 625 262 730 alii
284 627 458 714 scriptores
479 633 660 698 accuratius
679 636 889 712 tradiderunt,
912 653 1084 724 congestas
1106 640 1231 718 viderit,
1254 642 1372 725 quibus

205 737 345 821 cognitis
367 740 401 802 in
419 741 574 806 maiorem
595 743 692 807 etiam
714 745 947 812 dubitationem
970 771 1005 812 se
1021 749 1224 834 compulsum
1245 751 1371 829 sentiet,

205 846 345 931 probare
367 850 554 916 sustinuerit
583 851 707 937 aliquid
735 856 777 919 ad
798 858 916 922 rectius
942 858 1187 944 intelligendum
1209 871 1371 925 auctorem

205 957 386 1042 profectum
407 982 488 1028 esse.
537 964 606 1026 Aut
634 986 732 1049 quam
758 965 856 1030 habet
884 967 1069 1046 utilitatem,
1099 971 1126 1032 si
1149 971 1371 1036 adolescentes

204 1066 342 1132 viderint
373 1069 503 1135 obscuri
532 1095 647 1136 sensus
670 1059 830 1140 vocabula
857 1077 897 1141 ab
921 1078 991 1142 aliis
1014 1101 1031 1142 e
1054 1079 1167 1164 lingua
1188 1081 1370 1146 Germano·
1394 1081 1404 1090 ’

204 1197 275 1240 rum
297 1183 414 1263 prisca,
437 1180 477 1245 ab
499 1181 570 1244 aliis
594 1204 611 1246 e
631 1184 754 1260 celtica,
778 1185 818 1249 ab
839 1187 911 1250 aliis
933 1209 951 1251 e
972 1187 1150 1265 bohemica,
1173 1189 1214 1253 ab
1236 1191 1308 1254 aliis
1331 1213 1374 1254 ex

205 1285 269 1350 alia
290 1289 454 1373 explicari,
477 1313 560 1377 quae
581 1293 655 1378 ipsa
670 1295 839 1362 conamina
860 1298 910 1360 vel
933 1296 1116 1383 imperitum
1133 1299 1271 1364 doceant
1291 1301 1371 1364 nibil

204 1397 389 1462 auctoribus
413 1401 490 1464 certi
520 1412 617 1486 atque
645 1405 803 1490 comperti
826 1406 867 1469 de
889 1407 935 1472 rei
956 1408 1089 1472 veritate
1117 1421 1281 1486 constare,
1313 1411 1370 1476 sed

205 1528 266 1592 pro
287 1507 379 1572 libitu
395 1531 462 1587 eos,
482 1511 571 1595 quod
592 1512 649 1576 vix
664 1513 761 1578 ullam
778 1514 1038 1600 probabilitatem
1054 1517 1182 1594 habeat,
1207 1520 1372 1604 effingeret

206 1618 299 1682 Haec
320 1618 419 1703 igitur
441 1621 469 1684 si
492 1622 660 1708 discipulis
689 1634 843 1708 tanquam
865 1626 1051 1711 potissima,
1083 1627 1200 1712 quibus
1229 1629 1369 1695 inGer·

205 1727 310 1793 mania
340 1728 478 1815 legenda
513 1732 639 1796 animus
672 1733 890 1799 intendendus
924 1738 981 1813 sit,
1019 1737 1221 1813 offeruntur,
1246 1741 1371 1802 tantum

135 1912 137 1915 Ι
204 1836 310 1914 abest,
331 1851 367 1903 ut
389 1841 508 1906 iustum
529 1842 666 1907 fructum
689 1866 729 1908 ex
752 1845 958 1931 pulcherrimi
984 1845 1084 1910 libelli
1104 1847 1370 1934 lectioneperei-

204 1948 306 2034 piant,
327 1960 364 2014 ut
378 1951 419 2014 ab
440 1952 514 2038 ipso
531 1952 688 2039 scriptore
704 1954 914 2032 abducantur,
937 1955 1033 2020 rebus
1050 1957 1160 2021 alienis
1184 1957 1370 2033 obruantur,

205 2060 285 2123 etin
308 2060 450 2126 diversas
473 2061 664 2149 opinionum
686 2077 795 2150 partes
819 2065 964 2130 distracti
988 2069 1033 2130 ita
1056 2066 1303 2143 confundantur,
1325 2083 1370 2144 ut,

205 2169 285 2252 quid
306 2171 460 2256 probent,
482 2174 639 2241 nesciant.

291 2279 433 2346 Omissis
460 2282 560 2367 igitur
584 2282 751 2360 omnibus,
786 2307 869 2372 quae
896 2307 963 2349 uon
986 2286 1140 2350 continuo
1170 2287 1373 2352 cumvTaciti

204 2389 313 2455 verbis
342 2391 515 2456 coniuncta
541 2404 632 2468 sunt,
663 2394 870 2479 editoresque
899 2396 1111 2471 seduxerunt,
1141 2406 1177 2459 ut
1206 2396 1240 2458 in
1273 2397 1371 2462 alium

203 2500 297 2587 quasi
325 2522 476 2587 campum
507 2502 775 2588 exspoliarentur,
803 2505 838 2568 in
860 2505 1048 2570 adornanda
1077 2505 1136 2569 hac
1166 2506 1308 2570 editione
1336 2509 1371 2572 id

204 2611 344 2676 maxime
366 2633 498 2697 operam
521 2613 614 2688 dedi,
638 2624 673 2677 ut
694 2613 797 2678 verba
820 2615 926 2679 Taciti
948 2625 1043 2680 recte.
1058 2625 1089 2679 et
1111 2614 1299 2700 simpliciter
1319 2617 1369 2682 in·
1441 2601 1447 2611 ⁵

203 2720 436 2806 telligerentur,
462 2723 493 2789 b.
516 2745 542 2788 e.
563 2725 625 2800 ita,
647 2733 683 2786 nt
704 2734 736 2787 et
758 2727 831 2811 ipse
854 2723 1027 2799 intellexit,
1055 2733 1086 2787 et
1115 2723 1155 2790 ab
1179 2727 1370 2810 aequalibus

205 2831 272 2896 suis
303 2831 478 2897 lectoribus
510 2832 647 2918 intelligi
680 2833 791 2904 voluit.
836 2833 932 2916 Quae
965 2856 1016 2898 res
1052 2857 1152 2920 quum
1182 2856 1221 2900 eo
1254 2837 1370 2901 melius

203 2928 377 3028 procedat,
409 2965 475 3027 quo
505 2925 698 3008 accuratius⁴
716 2955 785 3007 tum
814 2945 967 3009 universa
997 2943 1161 3008 latinitatis
1191 2943 1273 3009 ratio
1302 2958 1371 3011 tum

203 3051 365 3139 peculiare
389 3053 495 3117 Taciti
518 3053 647 3117 dicendi
668 3076 773 3138 genus
796 3053 1017 3138 cognoscitur,
1042 3052 1130 3118 brevi
1153 3066 1184 3117 et
1207 3057 1372 3121 succincta

203 3163 412 3228 annotatione
436 3163 562 3229 eificere
584 3163 782 3238 studuimus,
812 3163 953 3248 nequid
980 3163 1116 3258 lectores
1139 3164 1369 3240 desiderarent,

202 3273 292 3357 quod
320 3272 383 3338 boc
410 3275 541 3341 nomine
569 3273 768 3337 intellectum
793 3273 924 3341 iuvaret.
970 3273 1136 3354 Quoniam
1167 3285 1274 3338 autem
1296 3276 1369 3339 uni·

201 3405 330 3448 versum
363 3383 426 3449 boc
457 3382 690 3469 interpretandi
721 3383 890 3468 negotium
923 3382 1010 3447 haud
1043 3383 1174 3446 minima
1206 3406 1246 3447 ex
1278 3396 1369 3471 parte

202 3493 324 3579 pendet
345 3515 385 3556 ex
406 3503 513 3556 textus
534 3493 737 3570 condicione,
760 3493 875 3578 paucis
899 3491 939 3556 de
955 3515 993 3558 ea
1014 3515 1056 3556 re·
1070 3492 1176 3558 adhuc
1197 3493 1370 3558 dicendum

202 3613 261 3669 est.
305 3601 361 3666 Ad
393 3602 568 3687 genuinam
595 3602 695 3668 libelli
728 3602 862 3668 formam
893 3602 1124 3667 restituendam
1152 3611 1275 3668 veteres
1299 3605 1369 3669 edi·-

201 3715 307 3777 tiones
332 3711 420 3776 nulla
441 3734 513 3777 esse
536 3713 725 3778 auctoritate
743 3712 900 3798 nulloque
920 3735 982 3776 usu
1011 3711 1105 3776 facile
1132 3735 1244 3777 omnes
1272 3712 1370 3778 bodie

201 3822 389 3890 concedent.
433 3821 544 3904 Quare
567 3821 671 3887 omnis
692 3845 744 3887 res
767 3823 878 3888 critica
898 3821 939 3888 ad
955 3821 1084 3886 codices
1106 3821 1207 3898 redit;
1232 3823 1376 3910 quorum'

201 3954 301 4018 quum
323 3933 401 3996 olim
422 3943 489 3996 tum
511 3932 600 3996 nulla
620 3944 689 3996 tum
709 3932 898 4018 imperfecta
919 3932 1034 3996 notitia
1060 3943 1162 4007 esset,
1193 3933 1263 3997 aliis
1286 3957 1369 3998 non-

202 4042 280 4106 dum
301 4041 459 4127 cognitis,
488 4042 559 4107 aliis
583 4041 688 4108 obiter
707 4052 833 4109 tantum
862 4052 894 4108 et
922 4064 1036 4129 parum
1059 4053 1208 4107 accurate
1231 4043 1368 4120 collatis,

201 4152 265 4216 iam
294 4152 553 4217 Massmanni
582 4153 715 4238 egregia
743 4153 903 4218 industria
932 4151 1159 4238 indefessoque
1189 4151 1301 4217 labore
1334 4153 1369 4217 id

202 4261 350 4326 effectum
373 4270 438 4337 est,
470 4273 506 4326 ut
528 4262 570 4326 de
590 4263 741 4328 universa
771 4263 949 4348 scripturae
975 4261 1129 4324 varietate
1158 4283 1176 4325 e
1200 4261 1369 4327 codicibus

202 4381 293 4436 eruta
314 4370 381 4437 iere
402 4371 525 4458 ubique
546 4372 673 4457 liquido
694 4383 831 4441 constet.
873 4374 1089 4442 Innotucruut
1109 4381 1143 4436 et
1164 4371 1271 4437 collati
1289 4383 1371 4438 sunt
