3067 4867
526 355 742 427 annulum.
780 363 989 427 o.v11.v111.
1300 352 1343 435 39

169 552 338 632 pantorum
363 553 395 609 et
419 551 597 610 monstrata
624 526 771 609 eominus
799 521 998 633 captivitate,
1029 555 1126 626 quam
1153 539 1253 630 longe
1280 539 1340 604 im-

168 634 346 741 patientius
366 652 559 739 laminarum
580 676 711 719 suarum
732 652 865 719 nomine
887 654 1016 728 timent,
1046 650 1145 729 adeo,
1175 658 1211 747 ut
1232 649 1341 715 offioa-

169 765 239 831 eins
262 763 448 850 obligentur
474 764 573 829 animi
599 765 778 840 civitatum,
800 748 927 848 'quibus
949 762 1032 828 inter
1054 760 1186 827 obsides
1213 760 1341 847 puellae

143 892 302 962 aquaque
325 874 452 941 nobiles
475 876 682 961 imperantur.
725 875 840 939 Inesse
869 873 948 958 quin
977 874 1073 938 etiam
1105 880 1258 937 sanatum
1282 870 1341 935 ali-

168 985 249 1072 quid
271 994 304 1050 et
324 986 496 1072 providum
515 995 645 1072 putant,
666 1005 727 1051 neo
748 995 805 1049 aut
827 983 962 1051 consilia
984 1004 1092 1049 earum
1116 992 1341 1069 aspernantur,

144 1106 405 1182 santrresponsa
425 1096 605 1183 negligunt.
650 1095 802 1164 Vidimus
829 1093 889 1160 sub
914 1094 989 1160 divo
1012 1092 1217 1180 Vespasiano
1240 1092 1340 1157 Vele-

168 1206 254 1285 dam,
277 1206 333 1271 diu
355 1207 444 1294 apud
466 1206 642 1294 plerosque
663 1206 804 1271 numinis
826 1205 903 1279 loeo,
922 1203 1075 1271 habitam.
1120 1202 1195 1269 Seu
1210 1213 1242 1267 et
1264 1202 1341 1267 olim

167 1315 348 1382 Albrunam
374 1324 406 1382 et
434 1316 616 1403 complures
645 1316 725 1381 alias
751 1316 897 1415 vaporati
927 1326 1019 1393 sunt,
1049 1338 1116 1381 non
1141 1312 1340 1392 adulatione,

168 1448 231 1493 neo
251 1437 416 1512 tamquam
437 1407 581 1493 inserent
601 1427 691 1493 dana.

167 1636 227 1698 tar,
247 1648 303 1685 nou
323 1629 377 1685 iam
396 1648 462 1684 vare
482 1632 599 1696 adsunt,
619 1631 669 1683 aad
686 1648 731 1684 oo·
775 1631 830 1683 dan
848 1631 1000 1701 (pandere).
1039 1629 1128 1699 Igitur
1145 1630 1265 1685 uidimus
1286 1651 1343 1699 non

167 1703 302 1777 gitatione
320 1715 427 1762 tantum
446 1706 648 1777 concipiuntur,
669 1724 731 1760 san·
776 1707 942 1777 capiendum
955 1708 990 1759 de
1004 1700 1063 1760 solo
1070 1706 1177 1774 Tacito,
1187 1712 1237 1763 sed
1250 1712 1284 1763 de
1297 1728 1342 1763 ur-

167 1802 212 1837 sus
227 1792 284 1838 eat:
301 1784 732 1855 cuiusipaamoopitatioaem-
777 1784 854 1837 banis
877 1782 905 1836 ln
926 1782 1099 1855 universum
1125 1803 1217 1855 neque
1237 1785 1342 1857 pendet

168 1852 356 1931 impatientius
369 1862 470 1927 ferunt,
483 1863 500 1915 i.
510 1878 534 1915 a.
547 1856 637 1915 minna
649 1862 733 1915 otiam
777 1876 811 1915 ex
834 1864 888 1915 hoo
910 1862 998 1915 verbo
1024 1876 1114 1915 aenas.
1138 1880 1161 1918 o.
1181 1863 1229 1916 inf.
1252 1864 1343 1929 (Vale-

168 1935 243 1992 ferre
261 1938 362 1996 valent.
777 1939 890 1991 dam-
902 1938 1026 1992 habitam
1043 1942 1142 2007 asae),
1160 1943 1211 1995 sed
1224 1940 1342 2011 simplex

195 2015 372 2082 seminarum
393 2046 426 2055 -
444 2014 564 2085 nomiae]
590 2011 606 2069 i.
625 2033 649 2071 a.
660 2016 734 2083 fam.
777 2014 986 2070 nonusohinoti
1000 2016 1175 2085 (Veledam),
1194 2018 1236 2071 oui
1256 2034 1343 2072 enun-

167 2102 352 2163 reapeota‚
381 2093 440 2147 aive
462 2094 492 2146 ia
512 2092 634 2161 faminis
659 2093 734 2161 aara5
777 2092 875 2146 tiatnm
895 2092 1041 2155 relativum
1060 2092 1195 2149 adiicitur.

167 2175 193 2223 t.
209 2173 245 2224 ad
264 2170 333 2225 Sall.
351 2167 411 2227 Cat.
431 2177 472 2236 35,
493 2176 519 2225 4.
810 2168 967 2240 plerosque]
988 2168 1006 2224 i.
1019 2188 1042 2224 e.
1050 2172 1212 2240 pamaltoa
1226 2190 1263 2227 so.
1274 2174 1343 2227 Ger·

197 2248 362 2317 paellae-
382 2248 525 2334 nobilem„
563 2245 608 2299 lta
639 2264 734 2301 omnes
778 2264 938 2318 manorum
959 2264 984 2304 v.
1004 2248 1041 2301 ad
1062 2247 1156 2317 Agris.
1176 2255 1198 2315 1,
1217 2254 1240 2305 3.

169 2334 265 2402 ood‹l.;
284 2332 316 2385 P.
330 2342 422 2387 tamon
436 2350 468 2403 p.
486 2332 600 2399 nobiles,
619 2331 671 2386 i.·e.
686 2351 735 2386 aa·
812 2333 980 2401 Alba-anam]
1017 2332 1061 2386 Ita
1089 2332 1277 2404 Hauptius
1308 2352 1343 2387 ex

169 2409 247 2472 bilae,
260 2412 337 2479 quod
350 2410 459 2481 recepit
470 2406 652 2483 Hauptius.
678 2411 735 2463 Sed
778 2412 972 2465 emendations
987 2410 1252 2467 Muellenhoffii.
1274 2410 1344 2465 Cod.

169 2486 280 2557 vulgata
295 2486 435 2559 scriptura
447 2505 515 2541 vera
527 2487 645 2541 videtur.
663 2486 735 2541 Nam
778 2490 808 2543 Ρ.
827 2489 913 2541 habet
931 2487 1090 2557 Arsaniam,
1111 2490 1161 2543 aed
1180 2488 1256 2558 prius
1277 2488 1344 2543 sori-

114 2613 116 2617 ,
169 2580 254 2634 quum
278 2565 363 2619 cardo
382 2564 537 2619 sententiae
559 2574 686 2618 versatur
706 2561 734 2617 in
778 2573 856 2636 ptum
878 2564 930 2618 fuit
948 2565 1114 2634 Albrimam,
1134 2574 1161 2620 et
1181 2584 1263 2637 supra
1281 2584 1343 2619 ver·

169 2657 213 2705 eo,
225 2642 302 2710 quod
315 2651 427 2711 praeter
440 2641 515 2696 viros
530 2649 558 2696 et
573 2640 735 2696 adolescen·
778 2658 838 2695 aum
851 2650 892 2695 est
904 2642 1102 2709 l'Albrim'om5
1116 2640 1186 2695 illud
1199 2651 1345 2713 praeterea

168 2725 211 2771 tes
229 2720 312 2773 etiam
326 2719 443 2788 paellae
463 2720 536 2773 inter
558 2718 670 2773 obsides
692 2735 734 2772 es·
779 2720 882 2772 habant
896 2722 951 2774 duo
965 2719 1022 2787 alii,
1042 2721 1095 2773 hoe
1109 2720 1175 2774 item
1191 2726 1255 2788 tres,
1275 2738 1344 2774 unua

170 2802 246 2857 sont,
273 2813 370 2865 parum
391 2798 545 2860 referebat,
572 2805 663 2849 utrum
684 2813 735 2849 eae
779 2796 1070 2867 inmarg.Alhraaia;
1084 2797 1171 2851 ceteri
1184 2796 1343 2866 Aminiam,

169 2870 276 2925 nabiles
294 2879 402 2935 sanent,
428 2876 467 2927 an'
483 2891 538 2927 aon
556 2872 681 2939 aabilaa;
705 2880 735 2925 at
780 2882 810 2926 ut
828 2872 911 2942 vulgo
932 2874 1033 2930 oditur.
1068 2875 1176 2929 Nomen
1200 2876 1343 2945 proprium

169 2948 311 3004 referebat
338 2950 443 3004 aobtlea
469 2967 542 3017 esse,
573 2949 639 3019 quia
665 2950 735 3003 talea
778 2950 899 3005 feminae
927 2950 1060 3007 fatidicae
1086 2952 1156 3006 alias
1186 2952 1345 3022 incognitae

170 3026 282 3079 demum
300 3026 444 3096 obligandi
462 3025 515 3080 vim
533 3028 682 3081 habebant.
779 3028 905 3083 aTaoito
916 3028 1009 3083 afferri
1019 3046 1157 3101 quemque
1170 3030 1345 3101 incorruptus

203 3109 227 3158 2.
245 3104 381 3174 sanatam]
403 3104 418 3158 i.
434 3122 459 3159 e.
476 3106 552 3173 quod
571 3123 627 3158 non
646 3104 735 3159 nolum
780 3122 875 3179 sensns
888 3107 984 3175 docat3
1001 3122 1088 3176 quara
1101 3107 1147 3177 qui
1167 3109 1203 3161 de
1221 3107 1345 3178 appella-

169 3180 270 3235 violari
289 3199 346 3236 nou
364 3183 478 3245 debeat,
498 3182 548 3234 sed
567 3199 672 3235 summa
689 3200 735 3236 ve·
779 3183 836 3237 tivo
856 3182 993 3238 vooabulo
1010 3183 1195 3238 annonarum
1212 3184 1345 3255 oogitant,

169 3258 314 3313 neratione
327 3258 441 3327 dignum
454 3257 497 3321 sit,
512 3265 607 3327 utpote
621 3276 638 3311 a
651 3260 735 3330 vulgo
779 3278 835 3313 non
856 3260 994 3330 cogitant,
1013 3263 1063 3314 aad
1082 3261 1293 3317 hallucinantur.

169 3342 321 3405 remotum3
340 3336 374 3389 os.
395 3352 418 3388 o.
435 3340 476 3399 34,
495 3340 519 3389 4.
813 3354 868 3391 aaa
891 3338 1066 3407 adulatione]
1097 3339 1183 3393 Notat
1211 3339 1258 3393 hio
1287 3340 1345 3393 Ra

204 3412 324 3465 nonalia
336 3443 368 3451 -
380 3410 525 3481 raapoaaa]
543 3410 670 3470 Consilio
682 3413 708 3467 h.
717 3412 734 3467 l.
779 3430 882 3476 manos,
896 3413 943 3485 qui
962 3415 1056 3469 servili
1076 3422 1103 3469 et·
1122 3415 1231 3470 abiecta
1249 3417 1346 3470 adala.

170 3485 332 3559 simpliciter
349 3486 550 3558 intelliguntur,
570 3506 642 3559 quae
663 3490 735 3543 ultro
779 3489 854 3545 tione
879 3509 934 3545 non
957 3492 1047 3546 nolum
1066 3492 1249 3563 imperatores
1273 3512 1347 3547 mor·

170 3568 271 3618 dantur
287 3583 303 3617 a
316 3584 371 3618 non
385 3564 505 3635 rogatis3
521 3582 658 3635 responsa
672 3576 736 3621 aunt
778 3576 840 3621 tuos
860 3566 1014 3623 intendens
1032 3570 1180 3635 referrent,
1196 3572 1246 3625 sed
1261 3572 1345 3625 etiam

170 3642 299 3707 consilia,
324 3660 396 3713 quae
416 3644 517 3696 dantur
540 3660 557 3696 a
579 3644 684 3713 rogatis
709 3650 736 3696 et
778 3661 874 3698 eorum
887 3661 987 3699 uxores
998 3646 1059 3716 pari
1071 3649 1178 3701 honore
1191 3646 1345 3709 afficerent,

171 3717 319 3789 consultis3
338 3722 411 3774 unda
426 3719 569 3791 proprium
584 3723 636 3775 hoo
655 3739 735 3775 voca·
779 3721 857 3775 velut
882 3716 1002 3777 Neronis
1029 3724 1159 3778 Sabinam
1187 3726 1346 3795 Poppaeam

170 3796 266 3850 bulum
286 3798 321 3851 de
340 3796 449 3879 vatibus
468 3803 495 3849 et
512 3797 639 3853 oraculis.
779 3799 825 3866 (of.
845 3798 916 3852 Ana.
935 3800 1014 3868 XVI,
1030 3805 1125 3869 21‚2.).
1153 3802 1345 3874 Supplenrlum

205 3880 229 3929 3.
256 3874 382 3929 l'idimua
403 3904 435 3912 -
456 3874 598 3944 Veledam]
622 3894 659 3930 so.
676 3877 737 3931 Ro·
779 3875 878 3947 igitur:
899 3884 929 3929 at
947 3881 1005 3931 a'oa.

170 3967 241 4020 mas,
260 3968 315 4021 quo
330 3951 379 4005 illa
391 3950 514 4017 fatidica,
534 3948 611 4005 ouius
630 3964 737 4008 summa
813 3960 947 4023 tanquam
965 3956 1099 4022 faoaraat
1121 3956 1201 4025 deas]
1230 3975 1266 4011 aa.
1290 3976 1347 4021 eas,
1422 4000 1426 4008 .

171 4037 232 4081 arat
251 4028 403 4083 auotoritas
427 4028 454 4081 in
474 4027 549 4083 bello
568 4030 736 4085 Batavorum
780 4048 853 4101 quaa
876 4026 944 4086 deae
970 4050 1025 4085 non
1045 4041 1124 4096 sunt,
1150 4034 1202 4088 aad
1222 4034 1348 4090 diuisam

171 4118 187 4157 a
207 4102 288 4159 (livill
313 4112 389 4159 moto
416 4106 463 4173 (ol.
485 4104 556 4159 Hiat.
575 4106 623 4171 IV,
647 4114 693 4171 61,
712 4114 736 4163 2.
780 4107 856 4161 illari
873 4118 1061 4178 aqaoaoaatea,
1082 4112 1159 4179 qaod
1175 4128 1238 4165 aare
1257 4110 1347 4167 laeana

170 4180 213 4235 IV
213 4221 221 4245 ‚
239 4188 281 4248 65,
301 4189 325 4238 5.
343 4184 378 4249 V,
397 4188 439 4246 22,
459 4182 494 4251 5.)
515 4184 626 4255 captiva
644 4186 738 4238 delata
773 4185 895 4252 seminia
906 4188 1029 4239 eradunt.
1052 4186 1112 4240 Neo
1127 4198 1266 4257 repugnat
1282 4186 1347 4242 huie

171 4267 247 4328 ωας
270 4260 306 4315 of.
324 4260 393 4315 sua
411 4260 482 4315 silv.
505 4260 533 4323 1,
554 4268 584 4327 4,
602 4268 643 4318 89.
672 4264 738 4317 Noa
781 4262 950 4327 sententiae,
976 4266 1052 4335 quod
1071 4262 1186 4317 Tacitus
1206 4264 1278 4319 Hist.
1298 4264 1347 4329 IV,

170 4342 254 4390 mat
273 4344 388 4391 arctoae
405 4337 483 4391 onias
498 4339 681 4409 Rhenanam·
695 4356 739 4394 ro-
782 4345 824 4402 61,
843 4342 866 4394 3.
889 4342 924 4394 ds
943 4340 1088 4395 Germanis
1112 4340 1215 4397 tradit:
1236 4340 1303 4413 pler
1337 4372 1350 4381 ·

170 4412 269 4469 ballam
288 4414 527 4485 Captioaoqaa
543 4434 643 4487 pratea
660 4418 742 4471 Vale-
782 4430 835 4486 quo
849 4418 1035 4485 feminarum·
1045 4418 1194 4485 fatidicas
1216 4428 1242 4473 et
1265 4434 1348 4489 napa*
