3067 4867
216 402 259 471 82
637 403 822 458 CORNELII
841 404 971 459 TACITI

216 572 315 649 citus,
352 573 525 659 plurimum
553 573 695 640 virorum
723 596 963 661 equorumque3
1000 584 1031 641 et
1060 574 1306 661 quiescentibus
1342 596 1406 641 ca-

218 683 292 747 dem
313 679 407 750 lama.

300 789 470 859 XXXVI.
512 792 552 857 In
582 791 682 857 latere
700 784 919 858 'chaucorum
946 792 1204 878 Chattorumque
1232 792 1404 859 Cherusci

215 900 347 966 nimiam
376 922 416 966 ac
443 913 638 967 marcentem
661 903 717 966 diu
739 924 853 988 pacem
874 902 1038 967 illacessiti
1061 904 1260 979 nutrierunt,
1292 902 1405 987 idque

109 1013 112 1017 ’
215 1011 390 1077 iucundius
413 1034 510 1097 quam
533 1012 633 1075 tutius
654 1012 731 1087 luit,
761 1013 839 1097 quia
863 1013 948 1077 inter
974 1014 1172 1098 impotentes
1202 1024 1235 1077 et
1264 1012 1430 1077 validos2

214 1121 297 1185 falso
321 1122 487 1205 quiescam
511 1119 568 1185 ubi
588 1143 686 1185 manu
708 1122 825 1206 agitur,
846 1122 1007 1186 modestia
1030 1143 1068 1186 ac
1091 1121 1238 1207 probitas
1261 1122 1404 1187 nomina

215 1223 394 1317 superioris
422 1240 505 1295 sunt.
548 1231 601 1295 Ita
623 1230 679 1314 qui
702 1230 779 1295 olim
807 1231 885 1296 boni
913 1231 1074 1315 aequique
1097 1231 1275 1309 Cherusci,
1305 1242 1428 1295 nunct

213 1342 335 1405 inertes
365 1362 403 1404 ac
432 1340 521 1404 stulti
551 1349 725 1416 vocantur,
757 1338 883 1405 Chattis
910 1341 1085 1406 victoribus
1115 1344 1246 1407 fortuna
1275 1342 1311 1405 in
1341 1364 1399 1407 sa·

215 1449 369 1537 pientiam
399 1449 505 1516 cessit.
549 1449 661 1514 Tracti
689 1451 783 1515 ruina
805 1450 1043 1516 Cheruscorum
1072 1461 1104 1515 et
1132 1452 1230 1529 Fosi,
1262 1462 1401 1517 conter-

213 1560 301 1625 mina
331 1580 412 1644 gens
424 1584 433 1635 ;
467 1560 673 1624 adversarum
705 1582 811 1624 rerum
842 1582 882 1624 ex
913 1582 1018 1645 aequo
1052 1560 1132 1625 socii
1165 1574 1257 1639 sunt,
1292 1584 1402 1648 quum

213 1669 247 1733 in
271 1669 423 1733 secundis
445 1671 587 1734 ndnores
609 1670 753 1735 luissent.

212 1950 281 2016 est),
299 1950 363 2002 aed
381 1948 536 2019 planimetra
554 1948 679 2001 virorum
698 1966 779 2019 equo·
822 1948 902 2001 cendi
927 1950 977 2002 sed
1001 1948 1138 2002 iudicium
1161 1951 1196 2004 de
1217 1948 1399 2019 quiescendo

210 2025 351 2095 rumque.“
382 2026 496 2079 Scilicet
516 2025 687 2079 abundantia
706 2028 778 2078 viro·
823 2026 968 2095 continet·2
993 2044 1018 2079 v.
1048 2026 1084 2077 ad
1112 2024 1179 2078 Sall.
1200 2026 1274 2079 Hist.
1301 2027 1350 2081 Fr.
1374 2028 1399 2093 Ι,

211 2121 273 2157 rum
299 2120 505 2172 equorumque,
532 2104 605 2156 unde
628 2102 779 2172 procopia
821 2107 864 2165 49,
881 2106 905 2155 6.
924 2104 981 2170 (ed.
1000 2102 1052 2165 ΙΙ.)
1081 2102 1321 2157 Prasiorume
1339 2121 1401 2173 per

210 2198 304 2235 rerum
322 2180 462 2233 exercitus
481 2178 525 2231 vel
543 2177 663 2233 maxime
681 2180 778 2247 augeri
821 2177 934 2231 sceleris
962 2178 1162 2232 immanitatem
1193 2180 1289 2233 adhuc
1321 2188 1400 2233 tutus

210 2263 320 2327 posset,
347 2257 410 2326 plus
429 2263 471 2309 est
489 2273 572 2323 quam
589 2254 705 2324 simplex
729 2274 777 2310 ex·
814 2255 885 2320 fait.
925 2256 967 2308 De
994 2256 1134 2309 sententia
1161 2255 1224 2326 ipsa
1255 2257 1292 2310 cf.
1321 2256 1397 2310 Tac.

211 2334 329 2400 ercitus3
355 2334 392 2386 cf.
412 2332 491 2386 Caes.
511 2332 544 2385 Β,
565 2331 598 2386 G.
620 2332 672 2397 III,
692 2339 732 2396 17,
751 2339 777 2389 2.
820 2330 916 2401 Agric.
936 2348 958 2388 c.
977 2337 1019 2393 30,
1037 2324 1064 2387 4.
1080 2334 1277 2387 Romanorum
1295 2352 1400 2403 saper-

210 2411 258 2463 En
273 2410 371 2479 quibua
389 2408 566 2476 (civitatibus)
585 2409 778 2463 exereitum
821 2409 896 2461 biam
906 2410 1022 2475 fanestra
1032 2426 1086 2477 per
1099 2410 1261 2479 obsequium
1280 2429 1317 2464 ac
1336 2430 1400 2465 mo-

209 2503 446 2557 maynacque
478 2484 619 2555 copias
650 2491 778 2553 coiceret
821 2486 941 2537 dentiam
958 2486 1094 2555 effaperie.

211 2561 392 2632 (Viridovix).
421 2561 470 2616 ubi
489 2580 515 2615 v.
534 2562 652 2615 Krancr.
854 2562 903 2614 ati
918 2578 1003 2615 mann
1021 2563 1127 2630 opiter]
1149 2562 1166 2617 i.
1185 2580 1210 2618 c.
1231 2563 1281 2617 ubi
1303 2564 1332 2618 vi
1352 2572 1399 2619 at·

244 2639 457 2709 minoratam]
483 2638 501 2694 i.
521 2653 545 2691 e.
569 2656 667 2710 pacem
692 2655 777 2708 agen·
821 2654 875 2708 que
895 2638 976 2691 armis
996 2645 1128 2694 certatur.

208 2715 290 2771 tibus.
326 2716 368 2769 Ita
393 2716 471 2785 quies
496 2714 626 2785 opposita
650 2715 723 2769 bello
753 2733 776 2772 c.
855 2715 968 2768 nomina
982 2715 1137 2785 asperioris
1150 2718 1225 2783 sant]
1240 2715 1399 2771 levietur

210 2799 251 2857 15.
270 2798 294 2847 2.
314 2797 356 2858 40,
375 2795 400 2845 4.
819 2790 871 2845 sibi
900 2800 1013 2861 arrogat
1042 2810 1143 2847 nomen
1171 2793 1331 2848 modestiae
1361 2812 1398 2849 ac

242 2870 341 2923 eadem
352 2868 451 2937 fama]
478 2885 516 2922 se
536 2884 608 2937 quse
633 2867 662 2921 in
682 2868 774 2936 bello;
818 2866 977 2940 probitatis,
990 2886 1071 2938 quam
1087 2869 1251 2934 nonhabet,
1266 2880 1296 2924 at
1310 2871 1397 2925 victis

207 2964 234 3003 v.
251 2948 288 2999 ad
306 2964 330 3000 c.
349 2950 391 3009 26,
408 2951 433 3000 4.
818 2946 998 3015 imponuntur
1022 2946 1133 3000 nomina
1158 2944 1396 3003 immodestorum

239 3038 379 3093 XXXVI.
400 3044 422 3093 1.
445 3036 588 3104 Cherusci]
610 3038 713 3089 Eorum
731 3054 775 3089 se·
819 3033 848 3077 θῐ
867 3021 1063 3091 imPf⁰b⁰¹¹¹¹¹h

207 3116 351 3171 desinere
369 3116 396 3168 in
410 3113 585 3169 meridionali
597 3121 677 3182 parte
695 3112 773 3181 regni
853 3121 877 3171 3.
900 3115 950 3183 qni
966 3144 999 3155 --
1019 3115 1085 3168 boni
1101 3116 1253 3185 marsique]
1280 3134 1319 3172 su
1343 3136 1396 3173 vo·

204 3191 413 3255 Hennoversni,
420 3189 652 3246 inBrunswicensi
661 3188 773 3254 ditione,
818 3192 872 3246 cati
890 3200 968 3259 sunt;
985 3209 1010 3243 v.
1025 3194 1061 3245 sd
1078 3208 1102 3246 c.
1117 3198 1142 3256 2,
1154 3198 1179 3247 4.
1202 3194 1276 3247 Sunt
1295 3202 1396 3249 autem

203 3282 290 3342 atque
302 3270 383 3325 terris
392 3268 563 3322 Meliboeam
576 3267 773 3321 adiacentibus.
816 3276 968 3339 propterea
986 3268 1023 3321 ita
1041 3268 1149 3331 vocati,
1172 3271 1248 3339 quod
1272 3289 1395 3340 ,macene

238 3348 415 3415 marcentem]
448 3344 466 3399 i.
495 3363 518 3399 e.
550 3344 715 3399 desidiosam
746 3351 775 3397 et
815 3345 997 3398 nutriebant.“

204 3427 336 3494 inertem
354 3440 427 3490 quae
446 3422 518 3475 cnim
533 3430 664 3491 marcent,
677 3439 772 3475 sucum
849 3421 880 3474 in
897 3420 1065 3489 sapientiam
1088 3420 1179 3489 cessit]
1209 3421 1227 3475 i.
1252 3439 1277 3478 e.
1304 3424 1394 3477 Chat-

204 3512 292 3574 atque
309 3501 397 3555 robur
413 3499 605 3570 perdiderunt
815 3508 906 3553 torum
924 3496 1049 3559 victoria,
1067 3497 1198 3550 fortunae
1216 3499 1324 3567 debita,
1343 3518 1393 3555 eo·

236 3579 407 3649 nonarum}
444 3578 462 3633 i.
488 3593 513 3632 e.
544 3578 692 3628 coluerunt
723 3590 772 3627 au·
814 3593 876 3628 rum
895 3571 1051 3643 sapientiae
1069 3572 1210 3627 tribuitur.

168 3672 171 3677 '
202 3664 370 3725 noruntque.
852 3657 961 3725 Tracti]
987 3656 1030 3709 Ita
1047 3658 1170 3727 NMHS3
1195 3660 1284 3713 ueteri
1310 3663 1393 3729 tacti,

237 3747 262 3796 2.
284 3738 378 3809 tutius]
406 3738 506 3790 msam
529 3738 557 3789 h.
579 3736 595 3790 l.
613 3742 667 3803 est,
694 3735 771 3803 quod
814 3736 890 3804 quod
915 3733 1029 3786 mirifice
1055 3735 1178 3802 languet.
1219 3736 1324 3791 Tracti
1347 3748 1393 3791 est

1514 1306 1515 1339 t

212 1873 340 1925 modum:
358 1890 445 1941 „non
460 1871 570 1924 solum
585 1871 719 1924 sancitas
732 1871 780 1938 (iia
822 1871 983 1925 adverbium
1003 1872 1075 1925 enim
1094 1889 1150 1925 non
1169 1874 1285 1926 modum
1300 1872 1400 1941 quies*

202 3826 278 3871 tutos
300 3824 441 3887 prnsstst3
466 3832 490 3867 v.
514 3815 551 3866 ad
572 3810 664 3881 Agric.
683 3815 725 3875 30,
746 3817 770 3886 2.
813 3810 954 3880 implicati
973 3818 999 3862 et
1020 3811 1158 3878 correpti;
1183 3812 1220 3865 cf.
1240 3814 1316 3868 Ann.
1336 3815 1390 3876 VI.

201 3895 295 3948 Arma
307 3924 340 3934 -
353 3893 439 3947 etiam
455 3890 567 3957 ipnaaic
585 3888 770 3943 tutissima
813 3894 855 3950 20,
865 3892 889 3943 2.
904 3886 1082 3955 Agrippinae
1091 3888 1236 3955 pernicies
1248 3920 1276 3928 —
1292 3891 1391 3945 Plan·

201 3976 275 4025 sunt.
298 3998 330 4009 -
361 3968 406 4021 De
436 3970 544 4021 duobus
575 3963 769 4035 comparativis
812 3966 905 4019 cinam
924 3962 1050 4015 tranis.
1080 3962 1116 4015 ib.
1136 3964 1158 4025 I,
1179 3970 1223 4028 31,
1242 3971 1267 4019 2.
1295 3968 1392 4021 Miles

203 4062 228 4099 v.
248 4044 314 4098 ibid.
334 4062 357 4097 c.
375 4049 400 4106 4,
418 4048 442 4098 6.
811 4042 841 4095 in
866 4039 974 4092 rabiem
997 4039 1155 4108 prolapsae
1184 4050 1226 4093 eet
1254 4051 1320 4097 orto
1350 4046 1391 4097 ab

235 4120 411 4189 impotentes]
441 4119 459 4174 i.
483 4137 506 4175 e.
531 4126 688 4188 temperare
715 4118 768 4171 sibi
810 4116 1050 4169 unetvicesimanis
1075 4116 1277 4187 quintanisque
1301 4120 1389 4175 initio

202 4196 371 4261 nescientes,
397 4197 544 4265 quominus
568 4196 637 4249 alios
659 4194 768 4249 iniustis
811 4202 837 4247 et
858 4192 988 4246 tractis
1002 4193 1100 4260 prima
1120 4210 1230 4262 ursoque
1256 4213 1292 4249 ac
1312 4198 1389 4251 vice-

202 4275 238 4325 de
257 4271 363 4325 caussis
380 4271 530 4336 invadant3
549 4274 585 4326 cf.
605 4288 627 4327 c.
646 4278 688 4336 35,
707 4278 731 4327 3.
809 4270 882 4324 sima
903 4269 1066 4337 ieyionibms.

228 4346 314 4415 salso
339 4348 479 4418 pameas]
505 4350 523 4403 i.
544 4367 568 4402 e.
593 4348 615 4402 si
637 4349 767 4419 quiescas
845 4364 877 4399 ea
895 4346 993 4415 aequo]
1018 4344 1034 4396 i.
1057 4362 1080 4400 e.
1098 4346 1267 4413 aeqrvaliter,
1289 4365 1388 4419 aeonia

201 4422 664 4495 spesecuritstinoppidofulleris.
676 4426 767 4480 Falso
808 4422 926 4477 ratione.
949 4419 1076 4475 Conferri
1092 4423 1303 4492 quodammodo
1320 4435 1388 4496 pot·
