3067 4867
112 318 132 349 D

214 399 256 469 86
631 397 815 458 ooauunn
834 399 965 459 raom

214 572 341 640 maniae
355 582 481 659 partem
494 572 657 649 obtinent,
680 574 822 659 propriis
843 574 951 641 adhuc
972 574 1159 641 nationibus
1180 574 1390 641 nominibus·

215 705 280 769 que
296 682 441 761 discreti,
464 704 659 767 quamquam
679 684 713 748 in
735 706 905 751 commune
921 686 1021 753 Suevi
1040 698 1207 753 vocentur.
1251 686 1415 769 Insignet
1508 732 1509 769 p

215 796 323 880 gentis
357 792 528 879 obliquare
564 794 685 859 crinem
717 794 873 879 nodoque
910 774 1139 883 substringere.
1197 796 1255 863 Sic
1288 794 1391 862 Suari
1508 776 1509 809 ³

215 904 369 971 acetaria
391 905 574 982 Germanis,
596 905 643 969 sie
663 905 845 971 Suevorum
866 906 1000 991 ingenui
1022 929 1042 970 a
1062 906 1163 971 servis
1185 915 1389 992 separantur.

214 1013 255 1081 In
274 1014 346 1079 aliis
361 1014 524 1099 gentibus,
546 1014 620 1099 (seu
639 1015 836 1099 cognatione
858 1017 967 1101 aliqua
982 1016 1177 1093 Summum,
1200 1038 1274 1091 seu,
1298 1016 1414 1099 quod3

215 1146 316 1210 saepe
349 1125 483 1201 accidit,
514 1124 720 1209 imitatione)
757 1147 829 1189 raro
863 1136 896 1191 et
929 1127 1015 1191 intra
1049 1126 1200 1191 iuventae
1236 1126 1390 1211 spatium,

215 1236 306 1321 apud
326 1235 454 1303 Suevos
476 1256 581 1320 usque
602 1234 644 1301 ad
666 1235 817 1301 canitiem
839 1236 1023 1303 horrentem
1046 1236 1201 1322 capillum
1221 1247 1308 1301 retro
1336 1258 1390 1301 ae-

215 1438 337 1507 quiaoa
353 1455 421 1490 aaa
440 1437 686 1492 =iadiscreta
702 1446 780 1507 pente
822 1440 927 1512 quandi
960 1442 1043 1496 crinis
1073 1459 1158 1510 quum
1189 1440 1261 1495 aliae
1292 1448 1392 1511 gentes

214 1523 351 1579 coaetant,
369 1524 400 1569 ut
419 1514 523 1570 Cluatte'.
822 1527 999 1588 opponantur
1018 1519 1131 1582 Suavis,
1157 1520 1211 1571 hoc
1232 1517 1270 1571 itu
1290 1518 1336 1583 fit,
1360 1527 1393 1570 ut

249 1592 351 1660 adbuc]
379 1592 519 1646 Particula
541 1593 569 1644 h.
587 1592 606 1645 l.
631 1609 687 1645 non
709 1599 778 1645 tem·
823 1594 979 1649 bimembris
1005 1594 1138 1650 orationis
1163 1595 1238 1647 idem
1265 1595 1301 1647 sit
1326 1596 1393 1647 sub-

215 1669 307 1738 paris,
333 1672 383 1724 sed
404 1667 569 1723 accessionis
594 1670 679 1721 habet
699 1676 779 1738 pote·
821 1672 924 1726 iectum
936 1670 991 1726 ἀπὸ
1001 1674 1098 1727 κοινοῦ
1110 1670 1256 1739 Germani,
1272 1674 1351 1741 qnod
1363 1670 1393 1724 in

214 1741 323 1801 statem.
356 1747 468 1817 Quippe
491 1748 545 1798 hoo
566 1744 634 1797 dicit
654 1744 778 1807 Tacitus,
820 1758 970 1817 sequuntur
985 1750 1069 1814 inest,
1085 1748 1186 1803 ceteris
1202 1766 1269 1803 vero
1287 1748 1391 1814 verbis,

215 1824 331 1889 Suevos,
344 1823 634 1894 praeterquamquod
648 1839 779 1890 magnam
822 1828 923 1896 quibus
935 1825 1089 1882 adverbiali
1104 1828 1186 1879 modo
1196 1825 1390 1895 praedicatum

214 1909 320 1968 pentem
349 1902 485 1964 efficiant,
517 1900 601 1953 etiam
632 1897 660 1952 in
688 1898 778 1952 varias
822 1904 959 1974 delinitur,
971 1902 1157 1973 discrepantia
1169 1904 1314 1956 doceatur.
1334 1902 1392 1971 Igi-

214 1980 343 2033 aatc'ortee
361 1988 494 2047 tanquam
514 1977 542 2029 in
561 1985 655 2045 partes
677 1976 779 2045 dividi;
821 1988 867 2034 tur
879 1984 956 2051 quod
970 1983 1045 2052 apud
1064 1980 1132 2033 alios
1150 1996 1220 2032 raro
1239 1986 1265 2032 et
1284 1987 1393 2032 tantum

215 2057 250 2111 cf.
274 2058 368 2125 Agric.
394 2074 416 2110 c.
436 2059 483 2119 29,
502 2058 526 2109 4.
556 2055 673 2121 lampae
695 2070 781 2123 aupes·
821 2058 898 2111 iutra
923 2059 1049 2111 iuuentae
1072 2056 1193 2126 matium
1211 2056 1265 2124 fit,
1294 2062 1325 2108 ut
1346 2072 1392 2107 ea·

214 2135 330 2204 triptota
356 2134 436 2186 arilia
463 2138 636 2184 armatorum
662 2131 780 2199 capiate·
822 2134 919 2205 pillum
949 2144 1024 2188 retro
1055 2142 1220 2205 sequantur,
1252 2132 1282 2184 id
1313 2134 1393 2201 apud

213 2211 329 2278 bantur,
353 2219 378 2263 et
398 2210 516 2261 adbuc
537 2208 672 2277 affluebat
689 2208 780 2261 omnia
822 2212 928 2265 Suevos
946 2212 1030 2279 culpo
1042 2212 1079 2281 fit
1099 2220 1124 2263 et
1142 2226 1229 2278 usque
1251 2210 1294 2263 ad
1313 2208 1392 2261 cani·

213 2287 346 2340 iuventae.
368 2286 427 2339 Liv.
447 2284 546 2347 XXII,
566 2289 611 2351 49,
634 2290 674 2339 10.
700 2286 780 2338 Nun·
821 2289 893 2342 tiem.
933 2288 976 2341 Ex
1007 2286 1127 2357 oppositi
1157 2294 1248 2340 autern
1280 2286 1392 2338 ratione

118 2422 127 2437 .
213 2364 302 2417 tia-
316 2364 346 2426 Q.
362 2362 462 2429 Fabio,
481 2362 515 2414 L.
528 2362 681 2415 Aemiliam
694 2377 780 2429 prae·
821 2373 911 2436 patet‚
935 2365 964 2419 in
984 2364 1156 2418 adversative
1181 2363 1306 2415 membro
1334 2380 1393 2415 non

213 2448 354 2509 ceptorum
378 2442 437 2493 citou
460 2455 606 2493 memorem
630 2446 656 2492 ot
678 2438 780 2492 vimmo&
822 2443 911 2496 solum
941 2442 1069 2495 omissam
1097 2458 1158 2494 esse
1185 2440 1393 2493 adversativam

214 2524 240 2569 et
259 2518 376 2571 adbuc
395 2516 476 2569 mori.
821 2512 999 2589 particulam,
1024 2520 1071 2570 sed
1094 2517 1178 2570 etiam
1196 2516 1304 2569 Suevos
1328 2516 1393 2569 uai-

247 2594 418 2662 aatiom‘bac]
439 2611 465 2647 v.
486 2594 523 2645 ad
541 2608 564 2647 c.
583 2598 613 2658 2,
630 2597 654 2646 4.
820 2612 900 2647 ocrea
925 2604 953 2649 et
976 2595 1106 2647 latissime
1131 2601 1245 2663 patente
1270 2592 1393 2646 nominis

249 2678 273 2728 2.
299 2671 415 2740 iaaipae]
446 2670 463 2724 i.
485 2687 510 2723 e.
532 2668 696 2738 proprium,
721 2684 778 2736 quo
821 2679 960 2739 potestate
972 2688 1032 2725 esse
1046 2670 1147 2739 dict0s3
1163 2686 1235 2740 quae
1250 2670 1394 2723 sententia

214 2749 348 2803 differunt
377 2767 394 2801 a
421 2746 538 2815 ceteris3
570 2747 605 2799 cf.
638 2762 662 2799 c.
683 2750 730 2808 43,
753 2749 778 2798 7.
821 2748 953 2818 postulat,
965 2755 995 2800 ut
1008 2748 1171 2817 suppleatur
1186 2746 1216 2799 in
1228 2748 1393 2801 catumeum

213 2827 326 2880 Harum
342 2826 464 2895 pontium
483 2823 637 2892 tusique
655 2822 779 2875 rotunda
822 2824 866 2877 vel
884 2825 976 2891 culpo.

213 2912 293 2957 acuta
310 2913 362 2957 etc.
857 2901 892 2969 at]
911 2926 946 2945 =
965 2907 991 2953 et
1010 2901 1138 2969 quidem·
1156 2916 1181 2953 v.
1202 2900 1238 2951 ad
1260 2914 1283 2952 c.
1305 2905 1348 2963 14,
1367 2904 1393 2954 3.

248 2981 392 3050 obliquare
405 2977 508 3031 minem
520 2976 584 3043 eto]
605 2973 697 3037 Quum
710 2974 779 3026 obli·
822 2978 865 3031 De
887 2977 1018 3031 universa
1035 2976 1090 3031 loci
1112 2974 1335 3029 conforrnatione
1354 2976 1392 3029 cf.

213 3057 370 3129 quamsit,
399 3055 477 3126 quod
502 3071 519 3106 a
542 3063 620 3107 recto
647 3052 778 3115 deflectit,
821 3054 938 3107 similem
961 3053 1052 3107 locum
1082 3070 1105 3107 c.
1128 3058 1174 3119 31,
1199 3057 1221 3107 1.
1253 3053 1296 3105 Et
1320 3052 1393 3105 aliia

213 3136 360 3203 obliquare
379 3131 407 3185 in
429 3130 587 3184 universum
606 3139 647 3183 est
668 3146 683 3179 a
701 3137 779 3182 recta
824 3129 1028 3184 Germanorum
1042 3130 1159 3199 papalia
1178 3138 1393 3198 uaurpatum

213 3216 382 3282 detorquere
400 3217 429 3262 et
452 3208 480 3260 iu
500 3207 583 3259 aliam
602 3214 709 3275 partem
732 3223 778 3258 co·
820 3224 905 3260 rara
926 3216 956 3260 et
972 3208 1118 3276 priuata
1135 3206 1305 3275 cuiusque
1325 3216 1393 3259 atv-

212 3300 289 3361 gere.
316 3290 387 3342 Inde
406 3284 553 3353 obliquare
572 3283 675 3337 crinem
692 3282 778 3351 signi·
821 3284 940 3337 olentia
958 3285 1039 3353 apud
1051 3284 1164 3337 Chattos
1181 3282 1212 3335 ia
1226 3298 1393 3335 cameracum

212 3370 291 3422 ficat:
312 3365 417 3419 crinem
431 3380 487 3415 non
503 3369 713 3430 rectapectere‚
728 3359 778 3413 sed
819 3361 901 3414 certat
929 3390 963 3399 -
991 3360 1096 3413 crinem
1126 3359 1295 3429 barbamque
1326 3360 1393 3412 arob-

213 3442 395 3499 circumcirca
420 3456 456 3493 ex
480 3437 554 3491 omni
576 3445 656 3507 parte
681 3435 777 3506 capitis
820 3437 936 3490 mittere.

212 3520 414 3589 intelligere,
436 3522 468 3569 ut
484 3514 614 3568 naturali
625 3513 778 3568 directione
817 3554 820 3559 .
854 3514 896 3565 ad
913 3512 1053 3580 canitiem]
1075 3512 1109 3566 cf.
1129 3528 1152 3569 c.
1172 3516 1214 3575 31,
1233 3517 1258 3567 3.

210 3600 313 3656 relicta
339 3598 367 3652 in
389 3592 493 3648 vertice
516 3600 615 3645 coeant
638 3600 724 3661 atque
748 3590 777 3643 in
854 3590 1018 3657 horrentem]
1040 3590 1133 3643 Germ.
1152 3590 1291 3659 struppig.

212 3680 315 3732 nodum
336 3670 569 3739 substringantur.
854 3675 929 3720 retro
948 3665 1108 3735 sequuntur]
1125 3665 1180 3729 Qui
1194 3665 1327 3736 capillum
1342 3684 1392 3722 na·

218 3764 226 3769 '
246 3761 270 3810 3.
288 3752 368 3819 raro]
388 3750 432 3803 lta
446 3744 544 3816 scripsi
559 3762 594 3798 ex
608 3742 776 3796 coniectura.
820 3744 949 3798 turaliter
964 3742 1130 3813 promissum
1147 3742 1193 3796 vel
1206 3752 1327 3812 pectunt
1345 3745 1392 3797 vel

212 3833 318 3886 Omnes
340 3830 423 3882 codd.
441 3833 470 3878 et
487 3824 550 3876 edd.
567 3838 677 3885 rarum,
698 3819 776 3872 nullo
820 3838 902 3875 manu
929 3819 1066 3886 levigant,
1094 3836 1150 3871 non
1175 3827 1296 3888 possunt
1320 3820 1391 3890 quin

211 3927 295 3962 sensu
313 3924 347 3960 ac
365 3904 442 3959 nulla
461 3897 675 3960 constructione,
691 3894 776 3965 siqui·
820 3915 882 3953 eum
901 3904 1051 3965 sequantur
1069 3895 1113 3948 vel
1125 3904 1333 3965 peraequantur
1350 3915 1390 3951 sc.

211 3986 275 4038 dem
309 3986 381 4037 haec
410 3997 466 4033 vox
496 3993 588 4046 neque
622 3972 778 4027 subiectum
819 3972 930 4045 pectine
956 3974 1003 4025 vel
1026 3988 1127 4040 mauu3
1158 3989 1246 4042 quare
1270 3972 1319 4044 qui
1344 3990 1391 4029 ce-

211 4079 303 4131 neque
330 4057 524 4131 praedicatum
554 4049 689 4106 enuntiati
716 4066 777 4103 esse
819 4051 917 4123 pillum
937 4057 1013 4103 retro
1032 4056 1198 4118 aequamur,
1218 4066 1283 4103 eum
1301 4068 1392 4105 muau

210 4147 312 4209 potest.
347 4136 496 4189 Praeterea
515 4130 602 4185 officit
622 4127 685 4181 loco
705 4127 776 4180 falsa
817 4136 893 4181 retro
919 4134 1006 4195 ayunt
1037 4127 1142 4194 (Germ.
1174 4126 1214 4179 sie
1243 4126 1390 4182 streieben

211 4214 409 4287 interpunctio,
434 4210 496 4265 eolo
519 4208 546 4261 in
565 4208 627 4261 edd.
648 4204 776 4257 omnibus
818 4204 942 4271 zurtick).

210 4302 275 4363 post
289 4291 413 4361 spatium
425 4287 530 4358 posito3
551 4300 607 4353 quo
627 4281 654 4335 in
668 4298 775 4334 comma
852 4280 883 4333 ia
902 4280 965 4349 spec
984 4278 1174 4347 salonentiae]
1196 4280 1390 4343 Quemadmo-

210 4377 315 4423 mutato
337 4365 429 4419 omnia
446 4370 523 4416 recte
545 4360 707 4429 procedunt.
742 4358 775 4411 In
819 4360 884 4412 dum
905 4357 969 4410 ecla
991 4356 1054 4407 loca
1082 4355 1161 4421 (Sall.
1182 4355 1243 4426 Iug.
1265 4362 1330 4421 103,
1351 4358 1389 4424 1.)

211 4444 377 4503 dissuenda
392 4440 466 4494 enim
485 4436 687 4493 consuetudine
705 4434 777 4491 obli·
819 4436 959 4499 dicuntur,
981 4430 1126 4502 inquibus
1145 4431 1215 4487 nihil
1233 4440 1292 4499 est,
1312 4451 1390 4505 quae
