3067 4867
283 406 334 461 nn
350 382 486 459 'ruem
505 404 548 460 m
567 403 788 460 ocerannus
807 401 1011 459 crunnum
1032 401 1223 458 consum.
1300 402 1342 468 15

75 558 79 567 ι
171 577 416 663 qualescunque
432 583 522 651 sunt,
544 573 717 652 curiosum,
736 575 778 638 ad
796 583 912 640 terram
929 574 1119 660 incolasque
1138 597 1340 660 cognoscen-

171 691 243 756 dos.
292 685 434 754 Nelebat
461 686 564 762 enim,
594 708 659 771 qua
687 700 755 750 erat
781 707 940 772 generosa
967 685 1094 762 indole,
1125 686 1258 770 ignarus
1288 696 1343 750 eut

171 822 238 864 non
260 808 375 863 auctus
396 796 540 862 scientia·
555 795 695 861 Romam
716 796 837 872 redire,
860 796 1132 883 quemadmodum
1153 796 1207 860 alii
1231 796 1341 882 legati,

171 909 231 976 sed
266 908 407 972 muneris
442 907 687 993 opportunitate
720 907 865 973 studiose
899 900 1122 996 utebatuQad
1153 928 1259 971 rerum
1290 909 1341 972 in-

171 1019 374 1106 cognitarum
399 1017 645 1103 intelligentiam
668 1018 908 1104 acquirendam.
951 1015 1113 1082 Incitabat
1141 1027 1248 1082 eutem
1276 1040 1342 1082 non

171 1129 277 1196 solum
308 1129 453 1194 omnium
486 1151 591 1194 rerum
624 1130 750 1194 novitas
785 1150 823 1193 oc
856 1127 982 1192 diversa
1018 1127 1058 1192 ab
1090 1127 1186 1194 Italia
1218 1138 1342 1204 natiue,

171 1263 281 1306 verum
303 1239 399 1306 etiam
421 1229 501 1316 hoc,
528 1239 618 1324 quod
639 1238 762 1306 incolas
786 1237 916 1304 videbat
937 1240 1035 1303 rudes
1059 1239 1189 1324 quidem
1212 1261 1283 1304 esse
1313 1249 1345 1304 et

171 1352 347 1418 litterarum
370 1349 595 1436 politiorisque
622 1349 705 1414 vitae
729 1361 894 1436 expertes,
927 1350 985 1414 sed
1007 1350 1193 1435 incorrupti
1216 1354 1342 1427 nature,

171 1463 272 1528 fortes
293 1483 331 1526 ac
350 1460 445 1526 bonis
463 1459 618 1536 moribus,
639 1459 807 1544 inquibus
824 1460 916 1544 quasi
937 1459 1059 1526 semina
1072 1461 1199 1526 futurae
1217 1462 1343 1546 magni·

74 1641 77 1645 ἵ
172 1573 294 1638 tudinis
317 1583 350 1636 et
374 1571 542 1658 potentiae
569 1570 722 1636 inessent.
764 1571 929 1636 Accurata
953 1570 1052 1656 igitur
1078 1582 1110 1635 et
1137 1571 1261 1636 intenta
1283 1572 1343 1638 ob·

172 1683 354 1749 servatione
382 1705 511 1758 eorum,
547 1703 633 1765 quac
659 1682 731 1768 ipse
758 1681 909 1759 vidisset,
942 1704 1003 1746 nec
1034 1681 1140 1746 minus
1173 1681 1345 1768 diligenter

172 1793 373 1878 exquirendo
403 1815 445 1857 ex
475 1791 616 1867 incolis,⁸
642 1814 726 1876 quae
755 1792 805 1858 vel
834 1793 875 1856 ad
905 1814 1015 1858 eorum
1045 1792 1191 1857 instituta
1222 1793 1274 1858 vel
1304 1794 1344 1859 ad

172 1904 361 1970 remotiores
391 1903 539 1970 nationes
562 1903 775 1989 pertinerent,
804 1926 903 1987 quum
926 1903 1026 1967 multo
1050 1902 1204 1968 maiorem
1227 1903 1344 1970 certio·

172 2037 305 2101 remque
327 2013 523 2081 Germaniae
547 2013 850 2100 Germanorumque
878 2013 1097 2098 cognitionem
1122 2036 1222 2098 quam·
1247 2015 1358 2080 ceterix

172 2124 311 2192 Romani
334 2124 396 2190 sibi
416 2134 649 2211 comparasset,
671 2147 738 2188 non
757 2124 821 2190 alia
838 2147 873 2188 re
895 2124 937 2188 ad
959 2123 1163 2189 scribendum
1185 2125 1344 2212 impulsus

173 2245 239 2312 est,
272 2258 370 2319 quam
401 2235 500 2319 quia
531 2234 723 2300 scribere
755 2233 913 2320 potuit,
947 2257 1050 2321 quae
1082 2257 1200 2302 nemo
1234 2235 1344 2300 alius

129 2357 137 2369 ⁸
174 2345 366 2412 scribere
392 2358 556 2431 posset,
585 2357 624 2410 et
651 2345 751 2428 quia
777 2345 906 2430 digna
930 2367 995 2410 res
1018 2347 1109 2412 visa
1132 2355 1214 2424 est,
1242 2369 1344 2432 quae

174 2455 446 2522 scriberetur.
494 2456 542 2522 Ut
570 2455 656 2522 enim
682 2454 894 2522 observandis
924 2455 1181 2541 colligendisque
1208 2456 1345 2542 singulis

173 2567 237 2632 boe
256 2576 382 2632 tantum
403 2566 581 2654 quaesivit,
611 2576 646 2631 ut
672 2567 746 2653 ipse
769 2565 962 2642 erudiretur,
992 2567 1038 2631 ita
1060 2567 1092 2632 in
1117 2570 1344 2654 componendo

174 2677 424 2762 evulgandoque
450 2676 560 2744 libello
587 2677 622 2743 id
641 2677 742 2743 modo
765 2676 936 2744 consilium
958 2686 1087 2742 secutus
1110 2688 1175 2752 est,
1202 2689 1237 2744 ut
1259 2679 1344 2744 cives

173 2810 252 2853 suos
282 2788 431 2865 doceret,
466 2810 574 2874 neque
607 2788 745 2875 amplius
779 2810 848 2871 eos
869 2788 988 2854 sin‘eret
1016 2788 1199 2854 Germanos
1228 2813 1343 2876 parum

174 2898 281 2970 adhuc
310 2898 461 2983 cognitos
489 2898 649 2984 ignorare.
708 2898 917 2984 Quamquam
947 2910 1054 2964 autem
1084 2908 1173 2966 totus
1196 2899 1279 2966 liber
1304 2902 1345 2966 ad

176 3009 358 3076 docendum
387 3010 589 3096 compositus
610 3022 677 3086 est,
707 3020 815 3076 tamen
836 3031 887 3074 res
915 3009 988 3094 ipsa
1011 3010 1098 3086 tulit,
1128 3022 1164 3078 ut
1186 3012 1345 3097 quaedam

174 3141 296 3196 eorum,
314 3119 350 3184 in
365 3119 483 3204 quibus
503 3120 596 3185 multi
617 3143 776 3186 summum
789 3120 984 3188 Germaniae
1001 3121 1098 3186 finem
1114 3121 1195 3188 falso
1214 3122 1344 3209 quaesi·
1389 3107 1390 3110 Ἴ

174 3241 305 3306 verunt,
328 3230 381 3296 bic
402 3230 469 3296 illic
491 3231 634 3296 admixta
653 3232 869 3316 reperiantur,
891 3231 947 3296 illa
969 3231 1099 3316 quidem
1123 3241 1212 3298 extra
1234 3234 1343 3320 operis
1460 3305 1463 3310 ,

175 3340 345 3406 eonsilium
365 3341 475 3426 posita
502 3350 535 3406 et
556 3352 681 3408 tantum
702 3342 744 3407 ab
765 3343 907 3408 auctoris
930 3342 1047 3412 affeetu
1070 3343 1168 3408 animi
1190 3343 1344 3430 profecta.

175 3452 276 3518 Velut
301 3474 402 3536 quum
428 3451 462 3516 in
486 3452 708 3518 describendis
736 3453 973 3519 Germanorum
999 3453 1143 3520 moribus
1170 3453 1343 3522 institutis-

175 3584 240 3647 que
261 3584 360 3648 saepe
380 3562 422 3627 ad
436 3562 603 3628 Romanos
624 3563 771 3650 respicit,
791 3574 823 3630 et
842 3564 960 3649 quibus
983 3563 1079 3630 rebus
1101 3565 1228 3650 utrique
1251 3567 1344 3632 diffe-

174 3681 248 3739 rent
268 3673 379 3750 docet,
406 3696 446 3738 ea
468 3674 668 3760 comparatio
688 3674 802 3759 utique
824 3677 1006 3742 necessaria
1028 3689 1094 3742 erat
1117 3676 1157 3742 ad
1181 3677 1345 3763 peculiare

174 3784 303 3849 illorum
319 3783 488 3869 ingenium
505 3785 739 3850 illustrandum.
760 3784 830 3852 Sed
845 3786 949 3852 sicubi
965 3787 995 3852 ei
1014 3789 1047 3852 in
1063 3787 1125 3852 hac
1140 3787 1345 3874 expositione

174 3895 343 3961 latendum
364 3905 413 3960 est
425 3895 618 3962 Germanos
638 3897 749 3962 nativa
767 3899 898 3974 virtute,
921 3897 1127 3984 simplicitate
1147 3900 1242 3976 vitae,
1265 3922 1343 3966 con-

174 4005 337 4091 iugiorum
359 4005 544 4082 sanctitate,
568 4006 639 4072 aliis
660 4007 757 4073 rebus
779 4008 878 4092 longe
900 4018 1065 4094 praestare
1083 4009 1249 4087 Romanis,
1274 4033 1343 4080 eam

174 4139 244 4182 rem
266 4117 407 4201 graviter
429 4115 535 4182 ferens
559 4140 626 4184 non
654 4120 726 4184 sine
753 4141 875 4204 magna
905 4119 1043 4203 quadam
1069 4122 1169 4186 animi
1199 4143 1342 4188 commo-

176 4227 265 4294 tione
298 4227 423 4316 patriae
454 4227 562 4294 labem
593 4239 735 4295 testatur.
788 4230 829 4294 Id
864 4239 970 4296 autem
1003 4239 1127 4298 tantum
1161 4230 1270 4310 abest,
1309 4245 1344 4300 ut

174 4347 300 4404 certum
321 4338 454 4423 aliquod
476 4339 663 4427 scriptionis
685 4332 856 4406 consilium
874 4341 1007 4428 prodat,
1029 4352 1064 4408 ut
1083 4341 1260 4408 clarissimo
1283 4345 1342 4409 do·

174 4459 326 4517 cemento
341 4450 393 4528 sit,
411 4460 615 4538 quantopere
636 4451 670 4516 in
685 4451 803 4518 Tacito
826 4452 1015 4520 acerrimum
1033 4453 1188 4520 iudicium
1208 4454 1341 4520 meotis-
