3067 4867
193 278 214 345 8
549 274 852 334 Pnonacomann.
890 275 971 333 cnP.
989 275 1014 331 1.

196 475 344 530 cessante
374 464 501 530 ratione
531 465 572 528 ad
606 464 796 551 pravitatem
825 474 857 529 et
885 463 1119 550 turpitudinem
1149 463 1258 529 omnia
1284 486 1364 529 con·

195 596 287 639 versa
312 574 452 651 videret,
489 596 574 659 quae
607 574 670 660 ipsi
704 574 851 638 homines
881 585 1069 659 peccarent,
1101 575 1151 637 vel
1182 573 1271 638 iratis
1301 574 1364 639 diis

197 684 323 749 euenire
353 684 444 761 dicit,
475 706 583 749 curam
604 707 711 749 rerum
731 684 940 749 humanarum
964 683 1200 759 omittentibus,
1230 683 1281 749 vel
1303 683 1365 747 sibi

196 792 382 878 ambiguum
403 816 484 871 esse,
508 803 614 859 utrum
635 794 701 859 fato
726 818 767 859 an
790 794 879 859 casui
903 794 1089 861 debeantur.
1133 793 1229 877 Quae
1251 816 1365 878 quam·

197 926 295 987 quarn
321 902 415 969 nobis
443 904 574 991 probari
600 928 666 969 non
695 916 848 990 possunt,
879 905 912 968 in
933 903 1007 969 luce
1028 904 1224 969 christianae
1244 904 1364 969 doctri-

196 1036 259 1078 nae
280 1013 494 1095 versantibus,
516 1027 622 1079 tamen
645 1014 797 1080 Tacitum
819 1014 862 1078 ad
882 1014 966 1080 hanc
988 1037 1133 1079 normam
1149 1015 1236 1099 exigi
1252 1014 1365 1099 aequi-

197 1135 247 1187 tas
268 1133 365 1188 vetat.
408 1124 658 1210 Reputantibus·
671 1126 757 1189 enim
779 1125 944 1210 antiquam
967 1124 1205 1209 simplicitatem
1227 1147 1266 1189 ac
1281 1124 1365 1189 'deo-

197 1256 268 1297 rum
301 1233 422 1298 cultum
449 1246 480 1298 et
502 1234 727 1313 reverentiam,
760 1235 970 1299 iamdudum
995 1234 1186 1299 labefactam
1208 1246 1241 1299 et
1260 1234 1366 1299 immi-

197 1355 325 1422 nutam,
360 1343 420 1409 sub
451 1344 646 1410 Caesaribus
679 1345 834 1409 foeditate
863 1357 1045 1430 temporum
1075 1367 1264 1429 morumque
1293 1365 1366 1409 cor·

197 1454 325 1541 ruptela
361 1476 494 1540 prorsus
530 1454 706 1532 interiisse,
740 1477 858 1519 novam
893 1466 1001 1519 autem
1037 1476 1173 1538 eamque
1207 1454 1368 1519 desideria

198 1564 339 1650 pectoris
369 1565 551 1651 explentem
574 1565 615 1630 de
637 1563 734 1630 rebus
757 1566 875 1631 divinis
895 1565 1073 1631 doctrinam
1095 1564 1241 1629 nondum
1262 1564 1366 1629 incre-

197 1687 306 1739 menta
327 1687 394 1739 tum
416 1676 554 1760 cepisse,
576 1676 692 1739 mirum
713 1674 816 1740 videri
838 1698 904 1740 non
924 1674 1022 1739 debet
1043 1674 1206 1739 hominem
1220 1696 1240 1738 a
1255 1686 1368 1740 natura

197 1785 270 1849 non
296 1786 400 1869 magis
432 1786 497 1849 acri
531 1786 652 1851 iudicio
685 1786 867 1871 praeditum
900 1808 997 1870 quarn
1032 1806 1157 1849 summo
1188 1784 1367 1850 honestatis

199 1917 297 1959 sensu
333 1894 491 1959 imbutum
527 1918 593 1959 nna
630 1895 829 1960 humanitate
861 1917 914 1960 res
945 1894 1103 1959 humanas
1133 1894 1192 1959 niti
1225 1906 1368 1981 putasse.

198 2005 273 2069 Non
297 2005 386 2090 pium
405 2016 512 2070 autem
536 2005 642 2069 dicere
665 2028 748 2081 enm,
772 2005 828 2089 qui
847 2005 1016 2090 explendis
1031 2005 1238 2070 humanitatis
1252 2005 1369 2069 ciliciis

199 2114 335 2179 salutem
359 2126 389 2179 et
416 2115 601 2180 felicitatem
623 2116 752 2200 generis
775 2114 907 2179 humani
928 2115 1087 2179 contineri
1109 2114 1235 2192 statuit,
1263 2116 1369 2200 negli-

200 2224 316 2310 gendis
340 2236 459 2290 certam
483 2224 657 2311 perniciem
681 2224 808 2310 parari,
840 2246 935 2289 nemo
956 2223 1052 2290 facile
1074 2225 1279 2303 sustinuerit,
1306 2226 1369 2291 nisi

200 2336 256 2419 qui
284 2335 324 2400 ad
355 2335 507 2421 pietatem
536 2335 625 2399 nulla
650 2334 850 2399 humanitate
879 2345 976 2420 atque
998 2334 1173 2399 honestate.
1190 2357 1262 2401 esse
1284 2358 1369 2422 opus

200 2444 389 2521 contendat,
422 2459 478 2509 aut
507 2446 588 2511 adeo
615 2467 681 2530 quo
705 2446 779 2530 quis
801 2445 843 2510 sit
863 2444 905 2509 ab
927 2444 1127 2509 humanitate
1146 2445 1299 2523 alienior,
1330 2468 1370 2511 eo

200 2554 304 2640 magis
327 2555 417 2641 pium
437 2576 512 2619 eum
534 2556 722 2641 praedicare
745 2578 811 2620 non
834 2554 969 2624 dubitet.
1014 2553 1123 2637 Quale
1153 2555 1298 2641 quidque
1319 2557 1371 2633 sit,

200 2686 242 2728 ex
264 2665 381 2731 effectu
402 2666 626 2751 cognoscitur,
653 2665 926 2751 quemadmodum
947 2663 1072 2729 arboris
1093 2663 1220 2731 bonitas
1242 2666 1371 2751 frugum

200 2774 345 2840 bonitate
372 2786 468 2861 patet.
515 2774 627 2857 Quare
653 2798 753 2859 quum
783 2797 913 2852 omnes,
946 2776 1092 2862 exceptis
1114 2776 1276 2862 perversis
1296 2777 1371 2861 qui·

201 2882 354 2962 busdam,
385 2884 441 2949 nbi
463 2908 482 2948 a
505 2885 611 2951 Taciti
633 2884 773 2950 lectione
795 2885 941 2961 veniunt,
974 2886 1022 2949 ita
1049 2907 1084 2949 se
1106 2885 1213 2950 animo
1235 2886 1371 2951 affectos

203 2995 353 3070 sentiant,
375 3005 411 3059 ut
433 2994 540 3080 turpia
562 2994 699 3073 oderint,
722 3018 807 3061 vana
827 3007 859 3059 et
876 2995 985 3059 inania
1000 3004 1217 3073 contemnant,
1238 2996 1373 3061 humilia

203 3104 401 3190 despiciant,
425 3104 584 3171 bonorum
606 3105 701 3170 laude
721 3115 924 3181 recreentur,
945 3103 1009 3189 ipsi
1031 3105 1074 3169 ad
1095 3117 1182 3170 recte
1207 3107 1371 3190 agendum

202 3215 383 3282 excitentur
414 3216 724 3300 confirmenturque,
758 3216 905 3302 profecto
935 3214 1181 3279 concedendum
1209 3227 1273 3292 est,
1305 3229 1371 3279 tarn

203 3325 355 3410 egregios
384 3325 517 3390 effectus
544 3326 586 3391 ab
613 3326 713 3413 impio
742 3325 900 3411 scriptore
928 3323 1104 3389 inanimis
1134 3323 1292 3391 lectorum
1315 3349 1371 3391 ex·

204 3434 294 3498 citari
317 3457 382 3501 uon
406 3436 563 3522 potuisse.
670 3516 674 3523 x
