3067 4867
605 284 812 345 mutuom„
851 283 883 342 (l.
899 284 949 343 N.
1116 370 1120 380 Ι
1316 284 1360 355 {3

167 478 381 568 npnouiuainli
404 478 602 565 persimhuis
622 477 753 543 mistum
773 480 812 540 oc
833 475 918 541 bene
939 475 1165 561 conpositum.
1198 474 1361 541 Memoris

190 594 287 657 muso
308 588 567 675 solitum'ipsum
587 609 718 653 umaro
740 609 777 653 se
798 586 903 673 primu
921 586 956 651 iu
976 586 1107 668 iuventa
1128 585 1271 651 studium
1285 584 1359 672 phi-

191 700 364 789 losophiae
384 699 509 777 scrius„
537 698 622 765 ultra
642 720 740 783 quam
764 719 956 763 mosomum
975 696 1125 762 Romano
1148 718 1188 761 uc
1206 695 1360 773 senatori,

191 894 326 957 occupat,
351 885 418 957 quis
441 884 576 955 Agricola
599 884 645 937 sai
671 882 753 937 animi
796 882 825 934 A
843 882 1027 953 philosophia
1058 899 1117 935 eam
1140 890 1229 937 mater
1253 880 1361 951 avena

190 963 323 1035 impetum
350 970 460 1017 secutus
487 961 638 1032 opponitur
668 960 756 1014 matri
796 976 909 1013 monens
947 960 1170 1030 imperaturo
1214 967 1359 1013 centra·

187 1039 420 1095 nh'udsusdsnti.
795 1038 993 1093 riomense
1042 1069 1044 1072 -
1231 1086 1235 1093 .

226 1118 321 1171 acrias
344 1148 378 1159 -
403 1116 541 1183 hausisse]
567 1115 584 1170 i.
613 1133 639 1171 e.
666 1114 754 1168 altius
829 1134 858 1169 se
877 1146 909 1155 -
929 1116 1024 1169 acrias
1038 1144 1072 1153 -
1091 1112 1229 1181 hausisse,
1247 1113 1278 1166 ni
1291 1130 1360 1183 prn-

189 1212 218 1251 se
235 1194 434 1267 philosophiae
460 1193 560 1247 studiis
579 1192 753 1248 immersisse.
795 1194 890 1249 deruia
910 1221 940 1233 -
960 1192 1135 1261 scamma]
1160 1190 1361 1264 Breriloqupn·

190 1303 224 1312 --
243 1272 408 1326 Haarire
427 1270 587 1325 stadium
607 1288 642 1325 ne
663 1279 692 1323 to
711 1268 751 1325 oi·
795 1271 835 1326 tia
866 1270 982 1325 Tacitus
1007 1267 1099 1324 omisit
1124 1267 1296 1323 enuntiatum
1325 1286 1361 1323 ex

189 1350 301 1413 serdot,
322 1349 473 1403 tenendum
492 1356 532 1401 est
554 1345 675 1403 stodiam
688 1346 753 1419 phi·
797 1347 981 1404 condicionali
991 1346 1130 1402 sententis
1138 1349 1271 1416 pendens.
1290 1346 1361 1402 Nam

190 1426 334 1497 losophiae
365 1443 425 1481 esse
452 1424 679 1495 philosophiam,
709 1424 756 1479 cai
797 1446 881 1499 quum
899 1424 1034 1496 Agricola
1049 1426 1199 1489 concedat,
1216 1441 1314 1479 revers
1332 1440 1362 1478 se

189 1504 325 1559 cadebat
362 1504 398 1557 ci.
418 1500 489 1559 Diui.
510 1507 552 1568 31,
570 1510 639 1557 extr.
657 1502 754 1571 Insor·
798 1504 991 1576 philosophiae
1011 1502 1101 1557 scmus
1120 1500 1269 1577 studuisse,
1284 1504 1361 1570 sed,

189 1598 424 1647 mamas-eam,
442 1580 639 1651 quiqaasdam
657 1587 755 1633 artes
798 1582 944 1655 quominus
969 1581 999 1634 in
1022 1598 1053 1634 eo
1077 1579 1169 1634 stadio
1190 1587 1319 1654 perperci
1344 1596 1362 1635 a

189 1658 353 1723 haurire,
379 1674 471 1711 omnes
491 1656 579 1711 libare
597 1656 682 1711 debet.
719 1654 755 1709 ib.
799 1669 887 1715 matre
906 1657 1069 1729 impeditam
1089 1656 1190 1723 inisse,
1217 1655 1301 1730 plene
1320 1655 1361 1711 sic

190 1754 215 1793 c.
234 1741 275 1801 28,
295 1744 366 1791 extr.
395 1739 437 1797 30,
455 1736 526 1787 med.
554 1730 716 1798 ninam,
732 1736 754 1787 1.
797 1736 946 1792 dicendum
971 1743 1045 1790 orat:
1067 1751 1097 1787 se
1115 1734 1210 1787 acrias
1227 1734 1361 1803 hausisse,

189 1812 260 1867 Plus
273 1814 403 1885 praedae
421 1829 456 1864 ac
474 1810 620 1879 sanguinis
631 1808 753 1865 Caecina
797 1822 827 1868 et
839 1831 952 1883 porro
970 1810 1317 1879 hanstarttmfaisse,
1331 1808 1364 1866 ni

189 1890 318 1947 hausit.
337 1919 369 1929 -
389 1891 464 1942 Acer
487 1904 571 1958 saepe
591 1889 626 1942 de
645 1886 759 1941 intentis·
791 1890 945 1962 prodentia
956 1887 1055 1942 matris
1067 1919 1099 1929 -
1113 1888 1283 1941 coircacsset.
1306 1888 1361 1942 De·

189 1966 290 2024 studiis
306 1965 424 2033 ‹licitur;
444 1966 481 2019 cf.
500 1963 571 2019 Disl.
591 1982 614 2019 c.
633 1968 675 2029 33,
695 1963 752 2018 init.
797 1978 904 2024 castata
928 1966 1012 2037 igitur
1035 1966 1233 2021 sententiarum
1250 1965 1361 2020 ‹unior-

189 2044 337 2099 Acerrima
368 2050 394 2096 et
420 2043 627 2110 semnsdissima
658 2060 753 2097 eorum
795 2044 881 2101 matio
899 2063 933 2101 co
953 2042 1062 2107 nititur,
1080 2045 1159 2113 quod
1176 2042 1245 2101 Tsc.
1262 2044 1363 2103 advers

189 2122 283 2178 stadio
303 2118 504 2175 demomtrasti.
543 2120 601 2176 Cic.
624 2120 658 2175 ds
674 2122 753 2177 Orat.
797 2122 915 2178 sativum
928 2120 1360 2178 enuntiatumcomuutsuitcum

190 2200 226 2264 11,
246 2204 270 2264 3,
291 2203 331 2254 11.
363 2197 484 2252 Summis
502 2198 633 2266 ingeniis,
657 2214 754 2252 accr-
798 2199 1001 2264 condicioosli,
1033 2198 1104 2253 iuter
1128 2216 1201 2269 quae
1227 2196 1363 2257 muralis

189 2277 293 2331 rimis
325 2274 439 2342 modiis,
478 2275 582 2343 optima
617 2274 753 2330 doctrina
797 2275 1244 2349 qusedsnoognsnointnssain
1271 2276 1363 2334 seon

192 2352 306 2421 Quintil.
324 2353 361 2419 X,
379 2357 403 2416 6,
423 2357 446 2415 4.
477 2350 514 2417 Χ,
532 2358 556 2417 3,
576 2358 617 2409 26.
797 2352 1238 2423 enimosst-ioneAgsicolodixitt
1252 2352 1361 2417 ,ωνίω

224 2428 753 2501 ahramcamconcessamstc.]Epexe-
795 2430 1363 2505 philosophiaenudiumhaonelanma

191 2508 264 2579 gosis
277 2508 352 2563 vocis
364 2507 466 2561 comas.
478 2537 512 2549 -
528 2508 699 2572 Concessum,
714 2525 751 2561 sc.
797 2508 890 2565 nstris
909 2508 1056 2581 prudentio
1079 2507 1222 2565 incensum
1239 2507 1362 2566 animum

191 2604 246 2642 uou
272 2589 385 2641 decreto
410 2582 678 2654 eliquatissima,
704 2584 754 2641 scd
798 2588 948 2642 coercuit.“
978 2588 1010 2640 Id
1028 2585 1212 2640 condicionali
1224 2588 1308 2644 teudo
1319 2585 1362 2641 sia

190 2675 306 2735 recepto
321 2681 398 2719 moro
414 2674 442 2715 et
460 2660 752 2734 opinionobominum.
796 2672 857 2720 erat
880 2666 1066 2719 efferendum:
1097 2672 1140 2731 „et
1161 2664 1191 2716 in
1214 2680 1246 2717 eo
1266 2665 1360 2718 stadio

191 2740 304 2813 Quippe
316 2760 400 2813 quum
416 2741 611 2815 philosophiae
624 2744 753 2796 doctores
792 2743 984 2812 perreriam,
1002 2740 1030 2794 ni
1048 2739 1199 2811 prudentia
1211 2740 1306 2794 matris
1319 2739 1360 2795 iu·

191 2818 292 2874 Graeci
319 2829 426 2889 essent,
457 2817 566 2874 servilis
590 2818 754 2891 plerumque
798 2836 909 2873 censum
939 2819 1059 2872 animum
1091 2816 1287 2871 coercuisset.⁸⁸
1323 2819 1359 2874 ci.

191 2894 459 2968 condicioniseoque
469 2894 601 2968 despecti,
611 2894 755 2967 indignum
799 2913 823 2950 c.
842 2901 883 2959 13,
901 2903 926 2952 t.
953 2896 1085 2965 Apitasse
1105 2894 1137 2949 G.
1158 2896 1307 2950 Gaesarem
1326 2897 1362 2950 de

191 2973 346 3028 habebatur
363 2976 506 3042 Romano,
525 2974 546 3028 si
567 2973 628 3043 quis
648 2991 704 3028 non
724 2973 754 3025 li·
796 2973 932 3027 inmunda
944 2973 1098 3028 Britannia
1116 2973 1188 3027 satis
1200 2980 1314 3040 conam,
1330 2973 1363 3027 ni

79 3046 83 3051 ’
190 3052 270 3105 buret
288 3050 508 3124 philosophiam,
535 3052 609 3123 quod
630 3068 695 3105 sano
713 3050 754 3103 fa·
797 3052 1002 3120 odoainpenio
1019 3050 1317 3120 mobilipoenitentine,
1336 3056 1364 3103 el

190 3126 316 3183 ciendum
335 3133 480 3200 putabant,
498 3130 548 3185 sed
558 3138 614 3182 tam
625 3128 681 3182 scri
699 3136 755 3181 stu·
797 3131 918 3197 inpostea
932 3132 1068 3183 adoneae
1079 3128 1262 3183 Germaniam
1276 3139 1363 3180 cona·

189 3205 235 3259 dio
254 3204 283 3260 in
302 3224 362 3260 eum
380 3207 560 3270 incumberet,
580 3214 610 3259 ut
631 3204 754 3277 philoso-
800 3215 844 3260 tas
859 3208 977 3273 frustra
994 3207 1137 3274 froimont,-
1158 3205 1175 3258 i.
1194 3221 1218 3259 e.
1238 3205 1362 3277 agitabat

190 3282 272 3355 pbiso
289 3285 421 3355 magister
440 3284 498 3339 fieri
518 3282 590 3338 velle
605 3282 754 3339 videretur.
797 3285 919 3347 intraret
942 3286 994 3337 secl
1015 3284 1150 3357 velox—
1172 3281 1362 3353 poenitentiae

193 3360 326 3415 Senatori
341 3380 421 3430 vero,
440 3362 484 3415 oui
505 3362 657 3424 derebus,
682 3378 755 3430 quas
798 3362 859 3427 tuit,
879 3360 1051 3432 intingentes
1069 3392 1101 3403 -
1123 3368 1238 3415 conatus
1257 3360 1361 3413 irustra

190 3447 266 3503 sunt,
294 3440 505 3493 consultandum
527 3447 613 3504 esset,
643 3438 755 3493 minime
797 3440 891 3500 fuere3
905 3455 992 3508 quare
1003 3438 1073 3493 nihil
1087 3445 1255 3509 susceptum.
1287 3437 1362 3492 (loni

190 3515 265 3571 utilis
285 3516 439 3573 habebatur
458 3515 684 3588 pbilosophorum
705 3519 755 3570 do·
799 3515 944 3573 dicionalis
957 3517 1221 3571 formshsecforet:
1240 3513 1361 3585 agitasse

191 3594 293 3659 ctrina,
317 3612 390 3665 quse
409 3610 469 3658 res,
489 3610 545 3647 non
564 3592 661 3663 quales
682 3603 753 3661 sunt,
797 3626 831 3634 —
844 3601 961 3657 canunt,
974 3602 1000 3648 et
1012 3594 1150 3661 intrasset,
1169 3593 1198 3647 ni
1211 3587 1294 3647 velox
1307 3598 1360 3647 stc.

190 3673 239 3724 sed
259 3671 355 3741 quales
374 3673 560 3734 ossedebsnt,
579 3668 751 3737 consideran
797 3690 820 3727 c.
839 3676 886 3734 tt,
906 3676 928 3726 1.
963 3674 1004 3726 Et
1028 3672 1165 3725 Britanni
1189 3700 1221 3711 -
1244 3668 1363 3738 deonna

190 3746 578 3819 oteie.Epp.noAttio.11‚
600 3753 622 3816 1,
642 3753 665 3805 3.
683 3752 752 3805 Cato
791 3750 934 3819 paulatim
952 3756 980 3801 et
996 3749 1141 3802 circtrmrre
1157 3755 1237 3815 terpa
1253 3746 1361 3801 uinum

188 3855 221 3863 -—
249 3824 352 3895 optimo
378 3826 572 3879 animantem
596 3835 622 3880 et
644 3844 752 3881 samma
796 3828 864 3880 tium
887 3834 1046 3897 coeperant,
1069 3827 1107 3879 ni
1127 3826 1264 3895 Apricoha
1282 3832 1361 3895 qnae

184 3902 246 3972 fide
269 3911 347 3956 nocet
373 3902 511 3957 interdum
536 3902 581 3957 rei
601 3902 752 3973 palliam,-
794 3904 1064 3973 taoreoarlnmolas
1078 3904 1291 3976 *senientshas
1302 3915 1362 3972 op·

189 3980 281 4033 dicit
307 3981 402 4034 enim
426 3988 590 4051 tanquam
612 3982 647 4034 in
666 3980 754 4035 Pla·
792 3982 995 4053 μενέουσι,
1021 3980 1039 4036 i.
1059 3996 1083 4036 e.
1107 3982 1160 4033 sed
1176 3980 1309 4049 Agricola
1326 3988 1361 4020 -1

189 4057 477 4127 lonisnolarsla‚
499 4074 565 4111 non
584 4067 754 4129 tanquam
798 4059 942 4130 opponam
959 4058 1158 4113 condicionalis
1177 4068 1270 4112 autem
1289 4058 1360 4113 nna

188 4134 225 4189 in
236 4136 384 4192 Romuli
389 4138 516 4204 faece,
530 4136 753 4191 sententiam.
797 4138 835 4191 its
858 4144 979 4191 constet:
1004 4135 1145 4205 ‚aegredi‘
1163 4146 1198 4189 et‘
1215 4136 1361 4193 circumire

187 4210 269 4267 Hanc
292 4210 350 4267 sive
367 4212 526 4284 opinionem
544 4213 603 4268 sivo
623 4214 754 4268 iudicium
797 4245 831 4255 -
849 4223 1013 4285 coeperant.
1031 4222 1059 4267 ct
1071 4214 1161 4284 plane
1178 4212 1304 4282 deposui
1320 4231 1361 4268 es·

188 4298 283 4346 secuta
302 4296 343 4345 est
355 4290 438 4345 etiam
450 4290 614 4365 Agrippina,
633 4290 753 4348 Neronis
796 4300 857 4346 sau
876 4310 910 4346 ac
924 4292 1169 4360 circummissae,
1183 4292 1217 4345 ni
1226 4292 1366 4360 Agricola

188 4374 291 4435 muter,
315 4372 350 4425 ds
375 4385 431 4441 qus
450 4368 564 4425 Sustou.
584 4368 651 4425 Ner.
670 4386 692 4426 c.
712 4370 752 4427 522
778 4400 831 4418 .-
843 4371 1040 4441 opposuisset.“
1058 4370 1095 4424 ci.
1108 4364 1360 4435 nnn.xvt,st,·n
