3067 4867
654 1242 759 1323 ᾓὶἱὸἕ
788 1244 923 1337 llssliftpy

747 1315 779 1347 of
786 1316 832 1355 ΤΗΕ

604 1360 964 1439 curvuamur

678 1453 883 1551 caribnae·

575 1652 1028 1735 PRAEFATIO

311 2016 412 2143 lluod
441 2070 481 2135 de
504 2069 660 2155 Agricola
690 2066 768 2133 dicit
798 2070 933 2135 Tacitus
963 2068 1093 2134 sublimi
1123 2092 1196 2133 eum
1224 2078 1258 2133 et
1279 2081 1386 2134 erecto

220 2179 323 2247 misse
344 2179 494 2264 ingenio,
515 2180 551 2245 id
573 2202 697 2245 srmrmo
721 2178 792 2243 iure
813 2180 854 2243 de
876 2181 950 2266 ipso
976 2180 1156 2266 praedicari
1179 2190 1305 2265 potest,
1327 2202 1386 2244 ue-

222 2312 295 2374 que.
308 2289 392 2363 ullus
409 2299 465 2355 est
485 2311 524 2355 aa
545 2290 695 2357 Romana
716 2289 908 2373 antiquitate
930 2291 1083 2375 scriptor,
1107 2292 1164 2374 qui
1185 2312 1311 2353 morum
1333 2312 1386 2353 ca-

222 2400 346 2475 stitate,
378 2400 490 2465 iudicii
512 2402 659 2465 acumine
682 2408 715 2465 et
732 2399 940 2486 integritate,
972 2422 1079 2465 rerum
1101 2400 1312 2464 humanarum
1337 2399 1387 2463 in.-

222 2509 416 2595 talligentia,
445 2509 588 2595 denique
608 2508 773 2575 scribendi
802 2521 870 2575 arte
892 2532 1025 2597 prorsus
1048 2509 1229 2577 admirabili
1251 2532 1325 2574 cum
1346 2532 1387 2575 eo

222 2620 404 2706 comparari
432 2619 545 2705 possit.
595 2619 690 2701 Quae
714 2643 857 2685 summae
880 2620 950 2685 eius
971 2622 1105 2686 virtues
1130 2643 1229 2704 quum
1251 2643 1271 2683 a
1292 2642 1387 2705 prae-

221 2730 408 2815 clarissimis
437 2730 581 2797 omnium
606 2739 746 2795 aetatum
769 2730 845 2795 viris
871 2730 1001 2815 agnitae
1025 2731 1103 2807 sint,
1130 2752 1235 2795 rerum
1258 2730 1387 2795 schola-

221 2839 373 2907 sticarum
395 2840 491 2927 periti
514 2862 671 2927 perquam
693 2840 857 2926 sapienter
877 2841 1101 2917 instituerunt,
1123 2851 1160 2903 ut
1179 2840 1319 2927 primum
1340 2839 1387 2903 illi

221 2949 328 3015 locum
366 2950 399 3015 iu
433 2948 646 3035 scriptoribus
678 2950 787 3020 latinis
822 2951 1026 3037 explicandis
1058 2949 1255 3026 tribuerent,
1293 2950 1387 3015 cuius

221 3060 330 3127 studio
357 3059 491 3145 ingonia
520 3061 668 3147 apprime
691 3060 866 3140 alerentur,
896 3061 1135 3138 excolerentur,
1164 3060 1387 3126 excitarentur.

222 3170 309 3235 Vera
341 3170 427 3239 euim
457 3170 520 3236 dici
547 3179 673 3256 potest,
708 3171 763 3255 qui
787 3170 940 3239 Tacitum
967 3171 1019 3237 vel
1046 3194 1113 3235 non
1135 3169 1305 3249 noverint,
1337 3170 1387 3236 vel

222 3301 331 3347 amare
363 3292 396 3345 et
426 3279 576 3347 admirari
608 3303 675 3347 uon
705 3280 897 3358 didicerint,
930 3304 1045 3368 parum
1074 3303 1131 3367 cos
1160 3282 1195 3345 in
1218 3280 1333 3345 litteris
1356 3290 1389 3345 et

221 3388 418 3457 humanitate
443 3388 638 3476 proiecisse,
665 3412 773 3475 neque
799 3392 917 3457 ceruus
940 3414 1012 3457 esse
1033 3391 1176 3457 liberalis
1199 3391 1305 3456 cultus
1326 3391 1388 3455 do·

220 3510 423 3576 aramentum,
458 3524 553 3585 quam
587 3502 615 3566 si
648 3500 721 3585 quia
752 3501 809 3567 illo
832 3502 979 3567 studiose
999 3502 1083 3567 lecto
1110 3510 1142 3565 ct
1163 3522 1244 3567 sano
1265 3501 1388 3565 iudicio

222 3620 254 3676 ct
283 3611 428 3697 ingenua
459 3610 626 3697 voluptate
657 3622 689 3675 at
716 3632 795 3675 vera
824 3611 998 3697 prudentia
1029 3632 1065 3676 sc
1097 3620 1228 3675 auctum
1261 3610 1387 3677 sentiat.
1439 3670 1442 3674 ,

221 3720 334 3801 ,Quare
357 3740 455 3805 quum
478 3720 617 3787 dubitari
640 3731 791 3806 nequeat,
814 3719 893 3813 quin
914 3721 1092 3787 litterarum
1114 3720 1252 3787 studiosi
1275 3721 1388 3786 adole-

220 3840 365 3909 scentes,
395 3828 453 3899 ubi
481 3832 621 3917 primum
642 3832 750 3898 valent
773 3832 815 3895 ad
844 3841 910 3897 tam
932 3853 1064 3917 gravem
1086 3840 1251 3895 auctorem
1269 3830 1388 3902 intelli·

221 3941 375 4027 gendum,
398 3941 442 4007 ad
465 3940 572 4009 Taciti
593 3941 765 4008 lectionem
790 3940 976 4035 adducendi
996 3941 1077 4018 sint,
1099 3963 1167 4005 uon
1188 3940 1296 4007 minua
1318 3962 1388 4007 cer·

220 4060 289 4117 tum
308 4051 454 4129 videtur,
485 4052 607 4119 nullum
628 4074 700 4119 esse
722 4074 762 4117 ex
784 4051 935 4117 omnibus
957 4052 1027 4128 eius
1047 4050 1190 4136 scriptis,
1217 4074 1238 4114 a
1261 4072 1327 4134 quo
1350 4073 1389 4117 ea

220 4161 336 4230 molius
356 4160 494 4247 incipiat
519 4172 551 4229 ct
572 4162 616 4225 ad
636 4173 744 4229 cetera
765 4162 1008 4248 progrediatur,
1042 4183 1139 4245 quam
1158 4160 1207 4235 ab,
1221 4159 1388 4244 Agricola,

220 4272 280 4356 qui
310 4270 439 4337 libellus
469 4280 501 4337 at
530 4294 549 4337 a
575 4272 706 4337 modico
737 4272 862 4339 ambitu
895 4280 928 4338 et
957 4294 976 4337 a
1003 4272 1083 4336 mira
1103 4292 1210 4337 rerum
1231 4270 1390 4337 suavitate

221 4380 396 4469 plurimum
428 4380 526 4449 habet
557 4382 857 4449 commendationis.
916 4382 1012 4463 Quae
1043 4381 1206 4470 reputanti
1239 4380 1319 4445 mihi
1354 4381 1390 4448 id
