3067 4867
252 320 553 375 PROLEGOMENA.
591 319 670 373 CAP.
690 319 725 373 Π.
762 320 813 373 Du
829 318 962 373 TACITI
980 317 1153 373 SCRIPTIS
1171 325 1224 372 etc.
1301 317 1322 381 9

662 607 752 675 Car.
781 608 824 674 Il.

436 764 476 825 De
497 763 588 826 taut
611 762 725 842 scrlptls
748 768 777 824 et
798 762 910 825 dleeadl
932 780 1044 843 genere.

241 956 377 1021 Praeter
406 977 444 1019 ea
472 954 608 1042 scripta,
638 978 723 1040 quae
752 955 851 1020 hodie
873 967 1062 1042 supersunt,
1093 956 1228 1020 Tacitus
1261 956 1325 1020 alie

160 1065 321 1149 quaedam
341 1066 534 1151 composuit,
556 1088 622 1130 non
645 1066 750 1129 solum
772 1079 919 1151 tempore
940 1067 999 1131 sed
1024 1066 1120 1130 etiam
1141 1088 1260 1151 genere
1273 1066 1324 1129 di·

161 1196 262 1250 versa,
286 1196 479 1261 quamquam
501 1174 542 1239 de
564 1175 603 1239 iis
626 1176 731 1239 tenuis
754 1177 851 1241 modo
875 1188 907 1239 ot
926 1176 1050 1240 incerte
1065 1176 1251 1240 coniectura
1267 1188 1325 1242 est.

163 1284 331 1366 Quantum
353 1284 437 1351 enim
469 1306 508 1349 ex
531 1284 639 1349 Plinio
665 1287 754 1372 Epp.
779 1287 857 1362 Vll,
882 1286 934 1362 20,
959 1288 987 1350 l.
1021 1287 1117 1363 VHl,
1141 1286 1169 1351 l.
1201 1308 1325 1370 cogno·

162 1394 270 1471 scitur,
293 1393 393 1459 libros
415 1393 463 1459 illi
479 1393 615 1461 Tacitus
638 1396 735 1481 misit,
759 1396 800 1461 de
822 1396 941 1481 quibus
963 1409 1144 1461 accuratum
1157 1418 1327 1461 consuram
1351 1433 1357 1482 5

162 1504 290 1573 laceret.
333 1506 401 1569 Eos
424 1528 493 1570 non
516 1503 616 1569 luisse
638 1504 828 1582 historicos,
850 1506 909 1571 sed
931 1506 982 1571 vel
1003 1506 1155 1571 rhetorici
1177 1506 1229 1570 vel
1253 1528 1327 1570 ora·
1351 1499 1356 1575 l

163 1616 236 1681 torii
258 1614 404 1699 generis,
437 1615 576 1679 maxime
598 1614 769 1701 probabile
790 1617 827 1680 fit
846 1638 902 1693 eo,
933 1616 1039 1701 quod,
1069 1639 1168 1700 quum
1194 1598 1357 1681 Tacitus.

164 1726 241 1789 inde
262 1723 304 1789 eb
326 1724 546 1790 adolescentia
566 1725 721 1791 acerrimo
740 1727 944 1811 eloquentiae
959 1726 1067 1791 studio
1083 1726 1219 1802 arderet,
1242 1727 1329 1791 eius-

165 1858 228 1920 que
251 1834 349 1899 studii
372 1834 496 1900 socium
519 1846 617 1919 utque
639 1836 802 1901 aemulum
821 1837 965 1901 Plinium
988 1834 1137 1913 haberet,
1167 1859 1234 1901 nou
1256 1837 1327 1901 loro

165 1955 288 2009 tantum
313 1944 454 2020 vacavit,
471 1944 538 2010 sed
560 1946 655 2009 etiam
677 1960 778 2010 artem
799 1945 905 2031 ipsam
928 1946 1057 2010 dicendi
1080 1946 1235 2013 tractavit.
1276 1947 1328 2011 Eo

165 2054 322 2141 pertinet,
353 2054 442 2137 quod
463 2055 657 2141 Fulgentius
687 2056 728 2119 de
756 2050 913 2120 abstrusis
942 2078 1036 2120 serm.
1067 2079 1099 2141 p.
1121 2055 1255 2123 XXIV.
1278 2057 1354 2172 ed.³

166 2164 301 2231 hersch.
324 2163 429 2228 Taciti
446 2167 634 2250 ¹facetiarum
650 2167 762 2229 dhaem
783 2179 1024 2243 commemorat,
1047 2188 1111 2250 quo
1129 2164 1332 2233 hauddubie
1349 2177 1357 2291 ἱ

167 2274 344 2360 quaesivit,
371 2274 425 2358 qui
455 2274 642 2339 facetiarum
671 2298 749 2339 usus
777 2276 897 2342 oratori
926 2288 1012 2341 esset
1033 2275 1212 2340 faciendus.
1255 2277 1331 2342 Non

167 2384 305 2451 alienum
332 2383 417 2449 eaim
448 2384 549 2449 fuisse
578 2385 662 2449 hanc
694 2387 917 2470 quaestionem
947 2385 987 2450 ab
1018 2397 1182 2451 oratorum
1205 2387 1331 2465 studiis,

167 2495 271 2581 ipsius
294 2493 462 2560 Ciceronis
484 2494 674 2581 intelligitur
695 2496 862 2583 exemplo,
893 2496 949 2581 qui
978 2496 1065 2560 haud
1087 2496 1238 2581 exiguam
1251 2497 1332 2562 libri

169 2604 303 2671 secundi
327 2605 368 2669 de
391 2618 519 2670 oratore
541 2617 665 2692 purtem
687 2606 763 2671 huic
784 2607 831 2671 rei
853 2606 1096 2671 concedendam
1120 2607 1257 2692 putavit.

251 2716 303 2779 Ex
324 2714 375 2793 iis,
399 2736 483 2800 queo
505 2726 693 2801 supersunt,
719 2716 849 2801 scriptis
873 2716 993 2801 pariter
1013 2716 1056 2780 ud
1077 2716 1207 2780 dicendi
1229 2727 1331 2781 artem

170 2838 297 2912 spectat

253 2934 456 3020 Dialogus
479 2935 523 3000 de
546 2935 798 3012 oratoribus,
832 2957 1027 3021 quemquam
1054 2935 1111 3000 diu
1132 2935 1332 3021 multumque

172 3045 352 3111 dubitatum
368 3056 426 3123 cst,
441 3045 469 3110 is
484 3045 611 3111 libellus
628 3046 779 3132 egregius
796 3046 904 3110 Taciti
920 3057 1016 3123 esset,
1036 3068 1150 3111 necue.
1188 3046 1334 3113 Caussee

172 3156 343 3221 dubitandi
364 3157 454 3221 fuere
474 3156 544 3233 hee,
568 3156 668 3240 quod,
689 3156 766 3221 licet
786 3156 933 3233 codices,
959 3156 1015 3240 qui
1039 3167 1115 3221 suut
1138 3158 1333 3222 recentiores

173 3288 294 3343 omnes,
317 3267 424 3331 Taciti
446 3288 564 3332 nomeu
580 3267 762 3343 ostendant,
785 3289 880 3332 nemo
897 3278 1038 3331 veterum
1054 3266 1124 3330 eius
1139 3267 1335 3332 mentionem

172 3375 256 3452 lacit,
278 3388 310 3441 et
330 3376 480 3455 maxime,
503 3377 593 3461 quod
615 3375 742 3442 dicendi
765 3398 871 3463 genus
893 3388 1063 3462 tantopere
1085 3399 1105 3440 a
1126 3377 1241 3442 ceteris
1263 3378 1333 3443 eius

173 3487 301 3574 scriptis
324 3487 502 3573 discrepat,
531 3499 568 3551 ut
595 3497 660 3552 tam
683 3487 810 3552 diversa
832 3486 936 3553 oratio
959 3486 1012 3552 vix
1034 3486 1180 3552 videatur
1203 3487 1244 3552 ab
1267 3510 1333 3552 uuo

174 3599 354 3683 eodemque
376 3597 534 3683 scriptore
555 3597 705 3683 usurpari
729 3598 886 3683 potuisse.
933 3598 977 3661 Et
999 3620 1078 3662 sune
1097 3596 1264 3662 latendum
1287 3611 1338 3665 est

174 3706 252 3771 nihil
287 3729 359 3773 esse
395 3708 479 3773 iuter
508 3730 543 3773 se
571 3707 777 3785 dissimilius,
810 3729 907 3792 quam
934 3708 1070 3793 Dialogi
1100 3718 1133 3773 et
1160 3719 1334 3774 ceterorum

175 3839 310 3904 operum
339 3817 455 3884 stilum.
503 3817 572 3883 Sed
600 3818 718 3883 idonea
745 3830 935 3903 argumenta
960 3840 1026 3881 non
1052 3818 1190 3895 desunt,
1217 3819 1337 3904 quibus

175 3926 333 3992 dubitatio
356 3926 434 3993 inde
457 3927 553 3991 ducta
575 3928 723 3995 elevetur.
759 3927 863 3992 Aliud
885 3926 970 3992 enim
993 3927 1055 3992 sibi
1078 3930 1185 4014 poscit
1208 3930 1338 3997 dicendi

175 4058 278 4123 genus
301 4036 446 4113 historia,
469 4038 657 4123 praesertim
679 4038 791 4101 talium
806 4060 911 4103 rerum
927 4050 1026 4122 atque
1041 4048 1233 4125 temporum,
1256 4064 1337 4125 qua·

174 4147 218 4211 lia
239 4148 375 4214 Tacitus
398 4148 580 4235 descripsit,
603 4148 691 4213 aliud
713 4148 879 4212 familiaris
902 4170 1007 4213 sermo
1030 4149 1197 4214 bominum
1212 4150 1254 4214 de
1269 4150 1338 4215 elo·

176 4258 307 4343 quentia
342 4260 438 4325 docte
473 4258 556 4324 inter
589 4282 625 4323 sc
651 4259 894 4345 disputantium.
944 4259 1030 4324 Tum
1048 4260 1151 4346 'ipseo
1180 4282 1339 4347 personae

174 4390 307 4449 eorum,
335 4369 391 4456 qui
417 4370 558 4436 sermoni
580 4370 763 4436 interfuisse
785 4370 967 4455 linguntur,
998 4372 1079 4437 tales
1102 4383 1193 4451 sunt,
1220 4370 1338 4458 quibus
