3067 4867
652 291 883 352 PRAEFATIO.
1310 290 1355 351 xl

183 484 267 558 tulit.
312 484 407 567 Quae
434 484 559 563 omnia,
588 506 786 569 quamquam
814 504 882 548 non
905 503 1038 569 prorsus
1061 482 1246 570 spernanda
1265 493 1353 560 suut,

185 603 219 661 et
239 605 333 662 caute
354 594 520 662 utentibus
541 594 682 679 aliquam
704 604 844 681 possunt
864 592 1035 661 utilitatem
1049 605 1225 681 praestare,
1247 603 1355 660 tamea

185 705 275 771 nullo
298 716 394 793 pacto
416 705 539 773 codicis
561 706 786 771 auctoritatem
806 702 964 780 obtinent,
986 703 1111 791 quippo
1125 728 1148 769 a
1161 702 1356 769 coniecturis

186 838 299 902 parum
322 816 457 882 diversa.
502 816 644 881 Tantum
666 814 766 901 igitur
787 813 895 892 abest,
926 814 1038 880 utilia
1057 824 1136 881 nota
1155 814 1206 879 Au
1229 812 1356 900 signifi·

187 936 239 991 cet
259 928 338 993 clius
360 928 467 1004 codar,
495 925 584 1010 quod
606 924 726 993 Wexio
755 924 898 1003 videtur,
927 938 964 990 ut
983 924 1063 990 nihil
1084 924 1174 991 aliud
1194 924 1237 993 sit
1254 946 1357 1009 qum

187 1037 266 1103 aliua
287 1035 339 1103 vel
360 1036 462 1114 aliter,
492 1035 555 1131 hoc
578 1058 691 1101 sensu:
718 1037 781 1101 alio
801 1038 1004 1101 modoetiam
1024 1038 1069 1100 sic
1091 1036 1221 1120 lepitur,
1246 1036 1293 1101 ccl
1313 1036 1358 1099 aie

189 1147 248 1231 lapi
268 1158 323 1212 aut
343 1148 440 1209 scribi
452 1158 564 1231 potest.

270 1255 349 1322 Non
382 1255 488 1341 magis
522 1266 610 1324 certa
641 1256 692 1321 vel
722 1255 832 1341 potius
858 1256 959 1321 mrdtc
991 1253 1144 1321 incertior
1169 1253 1282 1321 chii
1309 1263 1360 1321 cst

189 1364 300 1451 opinio
325 1365 366 1431 de
388 1365 518 1431 alterius
542 1356 665 1432 codicis
689 1366 850 1452 deperditi
871 1366 1005 1432 servatis
1035 1363 1248 1441 lectionibus,
1276 1386 1357 1448 quos

190 1474 351 1543 detexisse
381 1473 443 1539 sibi
473 1476 561 1541 visus
591 1476 694 1544 estin
719 1476 825 1555 libro,
854 1476 910 1561 qui
931 1473 1135 1543 inscribitur:
1168 1476 1360 1560 Fragmenta

188 1586 404 1649 historicorum
433 1587 555 1654 collecto
579 1590 620 1651 ab
644 1588 781 1651 Antonio
807 1586 996 1672 Augustino,
1023 1588 1182 1654 emadan
1207 1610 1229 1649 a
1248 1585 1360 1650 Fuluio

195 1696 315 1763 Ursino.
357 1698 523 1783 Antwerp.
548 1696 639 1761 1595.
681 1696 828 1763 Additae
853 1705 931 1761 sunt
966 1697 1073 1761 Ursini
1097 1708 1187 1762 actas
1215 1716 1289 1762 cum
1317 1693 1361 1764 td

190 1805 271 1870 alios
300 1804 475 1893 scriptores
505 1817 573 1871 tum
595 1810 640 1891 (p.
662 1807 858 1899 4605-462)
889 1806 932 1871 ad
955 1804 1064 1871 Taciti
1084 1804 1293 1891 Agricolam,
1326 1804 1361 1870 in

190 1914 310 2001 quibus
340 1927 409 1979 tum
438 1938 514 1981 suas
543 1916 668 2001 aliquot
698 1928 729 1982 et
750 1916 888 1982 Danesii
913 1916 1133 1992 coniecturas,
1163 1926 1231 1982 tum
1252 1918 1361 1981 neoris

191 2028 302 2095 codicis
327 2025 484 2092 lectiones
512 2026 613 2096 affert.
659 2026 750 2109 Quid
781 2026 834 2093 hie
858 2027 1014 2095 Wexium
1042 2025 1226 2102 seduxerit,
1251 2036 1289 2091 ut
1307 2024 1360 2091 de

180 2139 291 2200 'codice
313 2135 422 2220 aliquo
448 2136 622 2222 cogitaret,
645 2160 712 2202 non
734 2137 866 2203 difficile
890 2149 939 2204 est
960 2138 1002 2201 ad
1024 2136 1208 2204 videndum.
1237 2135 1362 2224 abluam

192 2246 278 2311 enim
291 2246 441 2337 Ursinus,
453 2247 610 2332 loquendi
622 2270 716 2312 usum
730 2248 781 2313 sui
796 2248 952 2335 temporis
968 2258 1108 2326 secutus,
1120 2246 1197 2312 dicit
1211 2260 1361 2326 „veterem

192 2360 354 2435 coauctam
375 2380 443 2422 non
464 2366 513 2421 est
532 2356 614 2423 liber
634 2358 897 2446 manuscriptus,
919 2357 979 2422 sed
994 2357 1082 2445 typis
1096 2357 1286 2445 impressus,
1309 2355 1360 2421 cui

191 2490 277 2532 unus
294 2489 333 2563 ex
344 2466 507 2532 veteribus
524 2468 769 2554 possessoribus
785 2479 854 2533 tum
868 2451 1040 2535 nonnullas
1052 2467 1204 2535 Vaticani
1219 2472 1253 2544 Γ,
1270 2467 1361 2548 cuius

194 2577 336 2662 aliquam
363 2578 510 2644 notitiam
540 2578 694 2645 habuisse
722 2579 862 2655 videtur,
892 2578 1062 2654 lectiones,
1090 2588 1158 2643 tum
1185 2600 1262 2643 suas
1282 2599 1362 2642 con-

194 2688 333 2753 iecturas
360 2688 562 2773 appinxerat.
590 2674 765 2755 'Ursinum
798 2690 907 2775 ipsum
936 2689 1018 2753 enim
1049 2710 1155 2775 neque
1183 2688 1365 2773 inspexisse

196 2818 303 2882 neque
331 2798 507 2862 contulisse
537 2798 628 2863 illum
654 2799 801 2864 codicem
829 2800 982 2868 evincunt
1011 2798 1187 2865 nonnullae
1207 2798 1364 2879 lectiones

195 2907 317 2985 „veteri
338 2907 466 2973 codici“
489 2908 670 2985 attributae,
694 2910 829 2994 quaein
841 2911 930 2977 Vatt.
947 2932 1013 2974 non
1030 2921 1228 2996 comparent.
1259 2908 1365 2973 Valde

196 3017 367 3104 ambiguae
388 3018 490 3103 igitur
510 3019 710 3084 auctoritatis
732 3020 791 3085 has
815 3042 946 3105 quoque
967 3018 1080 3085 Ursini
1102 3030 1196 3085 notas
1219 3040 1291 3087 esse
1311 3018 1367 3102 vix

198 3128 351 3213 cuiquam
373 3128 507 3193 dubium
528 3129 682 3194 videatur.

282 3237 378 3319 Quae
399 3262 498 3323 quum
520 3240 565 3303 ita
589 3239 662 3317 sint,
686 3263 752 3305 non
775 3262 973 3327 magnopere
990 3240 1147 3327 respectis
1162 3238 1367 3315 lectionibus,

199 3368 283 3431 quae
310 3348 346 3411 in
374 3348 519 3434 margine
548 3352 619 3416 Vat.
643 3356 679 3415 Γ.
700 3361 733 3414 et
761 3350 796 3414 in
818 3351 932 3416 Ursini
952 3352 1040 3418 notis
1062 3349 1239 3427 habentur,
1272 3350 1367 3417 unice

92 3472 96 3479 '
199 3455 243 3521 ad
274 3459 347 3524 cod.
380 3460 455 3525 Vat.
480 3466 509 3524 Γ
535 3470 567 3523 et
588 3466 620 3524 A
651 3470 773 3525 textum
801 3462 905 3549 exegi.
952 3461 1066 3527 Sciant
1095 3472 1202 3525 autem
1230 3411 1400 3540 lectoresl

198 3547 1403 3667 ffifflQMQwfflmmememfflhi

172 3680 175 3686 '
199 3679 443 3743 annotatatione
466 3680 684 3766 discrepantia
705 3681 848 3748 indicata
872 3692 936 3757 est,
959 3681 1022 3745 nisi
1045 3681 1135 3765 quod
1160 3691 1291 3766 apertos
1313 3702 1367 3745 ca·

198 3786 275 3851 lami
303 3788 416 3873 lapsus
436 3788 639 3875 levioresque
663 3789 899 3881 discrepantias
919 3814 957 3856 ao
978 3791 1099 3856 variam
1117 3788 1368 3878 orthographiae

197 3898 358 3961 rationem
388 3909 502 3963 notare
534 3899 726 3986 plerumque
760 3900 1013 3987 supersedimus.
1066 3899 1182 3967 Sicubi
1209 3922 1287 3973 vero
1317 3900 1369 3965 vel

200 4006 281 4071 alter
309 4008 381 4075 cod.
406 4008 538 4094 gravius
566 4010 729 4097 discrepat
755 4012 797 4075 ab
826 4011 927 4076 altero
939 4060 949 4089 ‚
984 4011 1034 4076 vel
1062 4022 1199 4095 uterque
1220 4010 1368 4077 vitiosam

199 4117 334 4203 praebet
357 4118 565 4205 scripturam,
598 4130 747 4193 accurate
775 4121 944 4201 annotavi,
978 4122 1057 4208 quid
1094 4120 1128 4186 in
1156 4119 1247 4189 libris
1271 4142 1370 4187 manu

200 4227 331 4312 scriptis
353 4228 409 4306 sit,
430 4229 543 4294 addito
568 4230 690 4317 ubique
709 4232 841 4297 nomine
856 4233 1005 4310 editoris,
1028 4232 1081 4297 cui
1096 4230 1280 4296 emendatio
1297 4252 1369 4297 eor·

199 4337 287 4425 rupti
310 4338 372 4403 loci
396 4336 546 4407 debetur·
584 4341 691 4409 Etiam
713 4342 769 4409 ubi
791 4343 904 4408 relicta
925 4343 1058 4431 vulgati
1080 4342 1255 4430 scriptura,
1286 4365 1371 4428 quae
