3067 4867
164 395 215 452 DE
229 394 430 461 Fortunae,
442 393 549 450 UNDE
563 393 733 453 TAOITUS
745 395 817 450 Rus
833 395 1041 454 NARRATAS
1055 398 1260 457 HAUsaRIT.
1312 403 1333 468 3
1393 381 1398 391 ”

163 571 261 634 inter
282 589 367 633 snos
388 564 621 645 carantana
642 571 724 652 qaod
738 570 844 654 primo
866 592 1009 634 numeras
1024 571 1100 654 fnit,
1122 573 1185 634 iam
1205 593 1332 638 nomen

164 691 193 744 et
211 680 310 742 ltonor
331 684 406 744 est.“
448 699 474 744 c.
497 677 556 755 26,
577 677 608 742 4.
650 680 780 756 „Wems
802 692 830 746 et
850 703 902 743 aer
924 691 951 743 et
971 692 1071 744 aestas
1093 682 1272 747 intellectam
1295 707 1332 748 ae

162 789 343 856 voeabula
361 790 479 867 babent,
500 790 656 852 auctumni
669 792 800 874 perinde
821 811 947 854 nomen
968 815 1004 853 aa
1022 793 1101 856 bona
1120 793 1332 876 annonam

163 921 190 964 c.
210 898 263 976 45,
282 900 311 964 3.
346 900 435 977 „Soli
456 901 590 962 amnium
611 900 762 977 sueinum,
785 903 885 983 qaod
906 902 989 984 ipsi
1007 901 1156 985 plenam
1177 915 1331 983 cocant,

162 1012 242 1075 inter
263 1011 344 1074 vata
365 1022 455 1093 atque
475 1012 508 1072 in
528 1011 596 1093 ipso
618 1009 705 1073 litore
724 1011 855 1094 lepont.“
898 1008 960 1073 His
990 1008 1102 1094 paucis
1131 1021 1236 1076 autem
1265 1035 1331 1078 non

163 1119 348 1184 constitisse
371 1117 480 1184 Taciti
505 1117 672 1182 seientiam
695 1117 827 1204 linguae
851 1118 1075 1200 Germanicae,
1105 1095 1182 1199 sed,
1211 1123 1238 1186 si
1265 1145 1330 1188 nou

160 1218 310 1315 plenam,
341 1239 446 1292 tamen
475 1228 516 1292 ad
541 1251 637 1293 usum
664 1228 875 1294 sufficientem
901 1228 1015 1306 brisse,
1046 1230 1186 1296 dubitari
1209 1234 1330 1320 nequit

162 1339 272 1421 Quam
292 1338 350 1426 qui
371 1348 525 1404 censeant
546 1361 618 1402 eum
640 1361 706 1403 non
729 1339 818 1404 adita
832 1338 1093 1406 Germaniasibi
1116 1363 1330 1428 comparasse,

163 1449 307 1527 videant,
332 1471 458 1514 nerem
481 1471 614 1534 prorsus
637 1442 858 1514 incredibilem
882 1450 1089 1516 contendant.

248 1559 316 1627 Sed
335 1559 399 1624 alia
418 1583 484 1626 non
504 1561 612 1624 minus
630 1559 770 1645 probant
791 1582 887 1644 quam
907 1558 986 1624 haec
1005 1581 1046 1624 ex
1063 1560 1196 1646 linguae
1216 1562 1330 1647 cogni·
1395 1553 1398 1556 ¹

161 1670 252 1736 tione
276 1671 379 1756 petita
407 1680 597 1755 argumenta
619 1669 770 1734 Tacitum
796 1671 829 1734 in
855 1670 1031 1736 Germania
1059 1681 1221 1734 versatum
1249 1695 1331 1739 esse.

160 1780 262 1845 Haud
284 1781 381 1866 pauci
404 1781 489 1845 enim
511 1791 586 1844 suut
607 1779 687 1856 loci,
719 1779 838 1866 quibus
864 1780 910 1844 ita
934 1781 968 1844 in
991 1779 1215 1846 describendis
1233 1781 1330 1848 rebus

162 1902 322 1966 versatur,
355 1901 407 1966 ut,
439 1890 501 1954 nisi
532 1911 585 1953 eas
615 1891 688 1977 ipse
716 1890 867 1971 vidisset,
901 1891 989 1956 nullo
1019 1903 1116 1977 pacto
1145 1891 1185 1956 iis
1212 1891 1329 1971 verbis,

162 2023 247 2087 quae
269 2000 435 2080 adhibuit,
459 2001 505 2064 uti
530 2001 698 2086 potuisset.
742 2003 794 2066 Ex
815 2001 924 2066 multis
945 2023 1050 2088 pauca
1072 1999 1217 2080 afferam,
1246 2003 1332 2068 velut

162 2135 188 2178 e.
209 2111 245 2189 2,
269 2111 298 2177 2.
321 2109 377 2176 ubi
399 2111 607 2177 Germaniam
629 2111 709 2175 dicit
735 2115 917 2198 „informem
941 2115 1046 2191 terris,
1074 2137 1218 2198 asperam
1241 2115 1330 2193 coela

162 2226 280 2288 tristem
302 2224 411 2287 calta
432 2235 679 2308 aspectaque,
699 2225 762 2287 nisi
782 2225 811 2286 si
823 2225 934 2308 patria
955 2225 1024 2286 sit.“
1067 2222 1154 2287 Num
1176 2223 1331 2290 credibile

162 2353 359 2418 quemquam
378 2332 423 2397 ita
442 2332 547 2417 loqui,
570 2332 626 2417 qui
648 2354 813 2417 nunquam
833 2332 867 2395 in
882 2331 1061 2398 Germania
1079 2331 1196 2398 tuerit?
1231 2334 1328 2398 Eius·

160 2443 235 2508 dem
258 2442 385 2529 generis
408 2456 457 2508 est
479 2442 570 2508 loeus
593 2464 619 2506 c.
634 2442 664 2520 5,
683 2443 775 2510 1--n
809 2443 941 2532 „Terra
960 2446 1016 2506 etsi
1033 2443 1190 2530 aliquanto
1211 2448 1331 2532 speeie

161 2557 274 2641 differt,
295 2557 330 2618 in
348 2556 522 2618 universnm
542 2567 642 2618 tamen
663 2565 718 2616 ant
733 2553 817 2618 siluis
834 2553 963 2617 horrida
984 2564 1037 2618 ant
1045 2553 1214 2637 paladibus
1222 2557 1330 2639 foeda,

161 2666 328 2743 tonatim,
359 2687 421 2748 aaa
446 2663 581 2741 Galliae,
607 2663 774 2741 ventosior,
803 2686 866 2746 aaa
891 2661 1044 2727 Noricam
1071 2687 1107 2728 ae
1134 2663 1331 2729 Pannoniam

162 2777 290 2861 amicit,
318 2777 393 2839 satis
413 2776 526 2859 ferna,
548 2775 779 2858 frapiferarnm
808 2775 955 2836 arborum
982 2775 1160 2857 impatiens,
1183 2795 1331 2860 pecorum

155 2888 314 2971 fecunda3
345 2887 399 2950 ted
418 2885 600 2968 plenamque
626 2885 807 2968 improaera.
857 2883 907 2948 Ne
935 2883 1081 2948 umnentis
1111 2883 1231 2965 qnidam
1258 2909 1331 2949 sime

163 2999 261 3061 honor
285 3006 341 3058 arat
365 2995 467 3078 pluria
487 2995 638 3078 frontis.“
687 2991 753 3056 Hic
783 3015 883 3078 quum
914 2991 1043 3076 singula
1072 2991 1117 3056 ita
1146 3006 1332 3080 comparata

161 3106 240 3183 sint,
268 3114 304 3168 ut
324 3112 435 3190 pateat
454 3114 619 3168 auctorem
640 3125 681 3168 ea
702 3101 857 3168 habuisse
876 3113 952 3168 ante
975 3101 1098 3178 oeulos,
1117 3110 1185 3166 tum
1206 3128 1330 3169 armen·

161 3230 264 3281 taram
291 3213 467 3299 descriptio
500 3214 574 3278 talis
603 3224 668 3291 est,
702 3235 787 3299 quae
816 3235 920 3299 paene
950 3221 1063 3298 cogat,
1095 3220 1132 3276 ut
1161 3212 1330 3280 credamus

161 3325 330 3402 Tacitum,
360 3324 484 3411 quippe
506 3324 561 3410 qui
583 3346 703 3408 magna
731 3335 774 3388 et
790 3323 899 3410 opima
928 3323 1052 3409 patrias
1080 3343 1158 3387 suae
1188 3335 1331 3391 armenta

162 3459 235 3502 cum
256 3434 444 3521 improoeris
467 3455 633 3520 parvaque
657 3455 780 3498 cornua
809 3433 996 3518 gerentibus
1018 3432 1216 3499 Germaniae
1241 3456 1330 3500 com-

162 3558 269 3634 paret,
291 3545 371 3609 haec
392 3546 467 3631 ipso
490 3554 626 3630 aspectu
646 3544 780 3630 cognita
801 3542 962 3609 habuisse
1006 3541 1043 3608 Ο.
1065 3543 1096 3620 9,
1119 3544 1148 3608 2.
1170 3543 1211 3608 de
1232 3544 1330 3610 Isidis

162 3657 251 3724 cultu
265 3657 403 3741 loquens
418 3655 497 3720 haee
511 3654 627 3720 haten
642 3658 754 3735 „Unde
773 3677 883 3720 canam
903 3666 931 3718 at
950 3657 1036 3740 oripo
1049 3656 1213 3740 pereprino
1232 3679 1330 3736 sacro,

157 3793 275 3855 param
308 3769 456 3854 comperi,
491 3768 554 3830 niti
585 3769 667 3849 qnod
700 3769 856 3852 sipnam
891 3767 930 3829 in
961 3767 1112 3828 modam
1145 3765 1331 3830 liburnae

156 3883 388 3966 fiparatnm
411 3887 528 3942 docet
554 3879 710 3942 advectam
729 3877 933 3962 rebpionem.“
978 3873 1063 3956 Quis
1082 3873 1135 3938 hie
1156 3895 1222 3939 uon
1244 3873 1331 3942 videt

162 3990 250 4075 signi
275 3987 575 4074 interpretationem
597 4009 637 4051 eo
658 4008 724 4050 non
745 3985 818 4051 viso
845 4007 911 4049 non
933 3984 1079 4071 potuisse
1102 3984 1191 4049 fieri?
1236 3985 1331 4068 Quo·

163 4099 262 4164 modo
283 4107 389 4164 autem
404 4097 530 4164 Romae
550 4097 674 4162 videret
687 4095 847 4161 Tacitus?
883 4095 977 4161 Vidit
998 4116 1077 4181 ergo
1098 4094 1131 4158 in
1146 4094 1330 4164 Germania.

163 4210 268 4276 Porro
295 4211 331 4274 in
352 4206 574 4275 describendis
596 4205 852 4272 habitationibus
875 4215 907 4271 et
928 4204 1078 4272 domibus
1105 4226 1131 4272 c.
1154 4205 1204 4282 16,
1230 4208 1330 4276 1-3.

163 4321 211 4385 ita
236 4329 399 4396 versatur,
433 4318 579 4404 singula,
612 4316 731 4404 quibus
759 4318 995 4384 Germanorum
1027 4315 1220 4382 aedificandi
1249 4317 1330 4382 ratio

165 4455 186 4497 a
198 4431 421 4497 &manorum
441 4429 618 4516 discrepat,
641 4438 791 4495 accumte
812 4449 1024 4516 persequens,
1046 4437 1091 4504 ut,
1113 4425 1177 4490 nisi
1197 4425 1332 4492 adisset

1082 4529 1099 4592 1
1106 4527 1122 4562 U
