3067 4867
506 378 721 437 GERMANIA.
756 377 787 434 O.
804 376 871 434 XX.
889 376 970 437 XXI.
1278 376 1319 447 61

127 556 232 641 aquia
260 550 508 641 periculosiores
540 563 616 617 sunt
647 551 833 617 inimicitiae
864 550 954 615 iuxta
986 549 1175 617 libertatem.
1230 548 1320 616 Con-

151 664 291 732 victibus
318 673 349 728 et
378 662 529 749 hospitiis
555 684 620 727 non
643 662 708 728 alia
729 685 810 747 gens
834 661 967 727 effusius
992 662 1151 748 indulget.
1195 660 1320 743 Quem-

153 797 282 861 cunque
314 773 496 839 mortalium
528 794 636 839 arcere
667 782 754 839 tecto
786 772 879 838 nefas
911 771 1066 849 habetur3
1102 794 1161 858 pro
1191 770 1322 836 fortuna

152 886 293 974 quisque
319 884 483 971 apparatis
511 883 617 971 epulis
644 883 775 968 excipit.
820 884 930 966 Quum
954 883 1115 959 deiecere,
1145 881 1202 969 qui
1222 880 1321 947 modo

154 997 275 1083 hospes
289 995 409 1073 iuerat,
428 1004 623 1060 monstrator
640 993 774 1081 hospitii
795 1005 825 1059 et
844 1016 968 1070 comes3
992 993 1174 1080 proximam
1190 992 1321 1057 domum

152 1130 219 1171 non
239 1105 364 1170 invitati
386 1105 507 1169 adeunt
514 1128 523 1181 ;
545 1126 606 1170 nec
625 1104 774 1179 interest;
798 1104 868 1191 pari
886 1104 1085 1169 humanitate
1103 1102 1321 1189 accipiuntur3

153 1227 265 1283 notum
295 1218 508 1302 ignotumque
537 1224 691 1300 quantum
721 1216 762 1279 ad
790 1215 841 1280 ius
870 1214 1009 1301 hospitis
1037 1236 1132 1279 nemo
1161 1211 1322 1280 discernit

129 1326 317 1404 3Abeunti,
346 1326 374 1391 si
402 1326 482 1414 quid
509 1324 716 1413 poposcerit,
749 1324 929 1391 concedere
957 1325 1071 1400 moris,
1103 1335 1136 1388 et
1163 1323 1322 1411 poscendi

153 1438 292 1504 invicem
318 1437 431 1502 eadem
458 1436 604 1505 facilitas.
655 1436 811 1502 Gaudent
838 1434 1042 1514 muneribus,
1071 1435 1131 1499 sed
1157 1456 1218 1500 nec
1247 1434 1323 1498 data

153 1550 315 1637 imputant
333 1568 394 1614 nec
416 1547 559 1635 acceptis
581 1546 773 1632 obligantur.
810 1547 926 1612 Victus
944 1545 1029 1611 inter
1047 1544 1193 1631 hospites
1212 1545 1342 1612 comis.¹

155 1752 267 1806 caussa3
284 1764 319 1776 -
336 1733 468 1803 hospitia,
488 1733 534 1787 ubi
550 1733 654 1803 ignotis
672 1734 718 1788 rel
759 1741 892 1804 quantam
917 1737 971 1803 ad,
996 1752 1051 1806 qua
1073 1733 1263 1804 praedicatum
1287 1734 1324 1787 ad

154 1812 311 1886 peregrinis
327 1813 426 1867 domus
438 1818 522 1882 atque
541 1812 620 1865 cibus
637 1828 718 1882 prae·
761 1821 867 1867 cartam
885 1828 946 1866 rem
965 1809 1152 1879 restringitur,
1173 1812 1208 1865 cf.
1228 1810 1323 1883 Agris.

154 1894 247 1945 betur.
280 1890 316 1945 cf.
349 1886 430 1943 Caes.
457 1890 492 1943 Β.
522 1888 557 1942 G.
590 1888 644 1953 VI,
675 1893 716 1943 23.
761 1906 785 1943 c.
799 1895 843 1953 44,
861 1894 886 1944 3.
919 1890 1086 1953 Quantam
1103 1888 1150 1941 ad
1164 1888 1323 1957 planiam,

156 1968 288 2037 Hospita
311 1966 421 2022 dolare
447 1968 504 2033 sas
528 1984 585 2019 nan
607 1973 717 2035 panant.
761 1967 952 2035 lonyissa'mnm
980 1984 1076 2021 acaum
1094 1966 1211 2035 peragit.
1250 1964 1323 2020 Hist.

108 2047 114 2053 '
157 2046 212 2109 Qai
227 2060 337 2115 qrsapoe
353 2046 502 2098 decausis
520 2045 562 2096 ad
578 2059 625 2097 eos
641 2059 718 2096 oenc·
760 2044 797 2109 V,
818 2050 857 2113 10,
878 2049 902 2099 2.
935 2044 1085 2098 Protinus
1103 2060 1200 2107 annas,
1219 2060 1324 2113 qnan-

154 2121 720 2191 rintabinr'nriaprolsbentsanctosqua
761 2129 831 2176 tam
866 2123 913 2175 ad
946 2122 1118 2186 Iudaeos,
1150 2136 1205 2191 par
1238 2120 1324 2174 otiam

155 2199 272 2268 babent5
295 2198 333 2251 iis
352 2199 473 2252 omnam
498 2198 598 2251 domus
611 2204 719 2267 patent,
762 2199 884 2253 transmit.

154 2276 294 2347 rictusprrc
312 2275 540 2329 communicatur.
796 2282 820 2333 3.
845 2276 992 2344 facilitas]
1020 2274 1162 2331 Facilitas
1187 2272 1326 2344 poscendi

184 2352 718 2423 Quamcunqacmcrtaliametc.]Quam·
759 2357 788 2409 h.
815 2355 832 2410 l.
862 2352 891 2408 in
921 2370 955 2408 eo
988 2352 1124 2417 cernitur,
1155 2353 1232 2423 quod
1258 2348 1324 2404 aad

156 2446 239 2500 quam
265 2432 320 2484 hoc
346 2430 517 2500 generaliter
539 2430 644 2484 dictum
668 2437 719 2499 est,
761 2431 928 2485 dubitant
937 2447 1063 2501 poscere.
1087 2428 1324 2484 Germaniasred·

154 2516 248 2563 tamen
275 2509 311 2561 ds
336 2506 386 2561 illo
413 2504 576 2562 Chattorum
604 2524 718 2577 genere,
761 2511 825 2562 das:
845 2510 910 2561 eben
927 2525 959 2562 so
972 2508 1062 2577 waniq
1075 2506 1167 2561 macllt
1180 2525 1246 2560 man
1263 2506 1324 2559 Um·

154 2584 203 2656 qai
229 2584 343 2639 anulum
369 2585 493 2639 feneum
518 2593 635 2655 gerunt,
660 2602 718 2639 ma·
759 2582 882 2641 stdndc.'

155 2662 230 2717 xime
249 2662 482 2733 valersvidetur3
501 2681 527 2719 v.
543 2666 580 2717 ad
595 2681 618 2719 c.
639 2668 681 2726 31,
694 2669 718 2720 4.
795 2662 941 2733 imputant]
965 2678 1003 2717 sc.
1032 2662 1073 2731 ei,
1099 2660 1146 2715 cui
1170 2661 1326 2730 dederamt5
1371 2724 1372 2727 Ἴ

190 2739 341 2809 apparatis
358 2740 457 2809 apalis]
480 2740 498 2797 i.
519 2758 544 2796 e.
564 2740 652 2811 epulis
673 2758 718 2795 so·
761 2741 778 2795 i.
797 2758 821 2795 a.
845 2740 953 2793 nullam
973 2738 1009 2792 ab
1033 2756 1083 2803 eo,
1107 2738 1151 2792 cui
1177 2740 1324 2803 dederunt,

154 2816 204 2871 lito
230 2815 403 2871 melioribus.
444 2816 611 2887 Apparatus
636 2817 718 2884 enim,
760 2819 885 2887 qratiam
903 2823 952 2870 ant
969 2823 1125 2887 exspectant
1139 2824 1189 2870 aat
1206 2817 1325 2885 stipant.

155 2902 215 2949 tum
233 2892 433 2948 substentivum
459 2902 517 2949 tum
544 2894 719 2960 adientium,
799 2895 893 2950 Victus
909 2920 943 2933 -
962 2893 1057 2962 comis]
1084 2893 1221 2947 Absoluta
1239 2910 1325 2965 expo·

155 2969 323 3043 praegnanti
346 2988 429 3025 sensu
456 2971 557 3027 dicitur
576 2975 612 3028 de
635 2990 720 3043 quae·
761 2971 862 3027 sitione
881 2973 917 3025 de
935 2970 1055 3042 bospitio
1074 2972 1149 3042 apud
1162 2970 1326 3041 Germanos,

155 3048 252 3103 sitiors
270 3049 354 3102 modo
374 3047 490 3104 alicuius
507 3050 562 3115 rei,
585 3050 719 3123 imprimis
759 3050 875 3104 Tacitus
898 3051 986 3104 verbo
1011 3050 1104 3101 adhuc
1128 3056 1326 3103 commemorat

156 3128 192 3179 ad
220 3125 324 3179 rictum
353 3126 515 3198 cultumque
546 3127 719 3197 pertinentis,
761 3127 947 3183 conversandi
975 3143 1009 3180 ac
1043 3126 1157 3180 sinendi
1189 3127 1326 3181 rationem

156 3202 349 3272 instruendam
368 3203 402 3258 et
415 3220 439 3257 a
453 3209 493 3272 14,
506 3211 532 3260 3.
560 3206 720 3275 Epalae—
762 3205 918 3273 (victum)
936 3203 1008 3257 inter
1022 3202 1097 3274 ipsos
1109 3202 1246 3275 hospites3
1264 3222 1325 3258 ver·

155 3279 234 3348 larpi
251 3287 455 3350 apparatas.
480 3298 503 3335 c.
522 3287 571 3346 23,
590 3287 614 3337 2.
652 3282 720 3337 Sine
762 3282 806 3335 bis
836 3282 909 3336 enim
937 3283 992 3336 hoc
1021 3280 1205 3350 significatur:
1232 3282 1326 3335 viviani

155 3365 350 3427 apparatu,
373 3358 432 3411 sinc
455 3359 653 3413 blandimentis
676 3377 719 3413 en·
761 3360 874 3413 interae
887 3358 1140 3428 comiterltospites.
1172 3356 1326 3411 Annotavit

150 3435 263 3504 pellicit
273 3436 394 3501 samam.
761 3438 816 3490 hoc
828 3444 986 3506 propterea,
1007 3436 1083 3507 quod
1097 3436 1123 3487 in
1137 3435 1326 3507 sequentibus,

189 3510 326 3580 defecere]
350 3529 387 3565 sc.
407 3514 514 3583 epulan
542 3513 598 3567 cibi
615 3514 719 3579 (Germ.
763 3512 809 3568 ubi
828 3515 862 3568 de
884 3513 1017 3567 conviviis
1036 3513 1108 3581 agit,
1131 3514 1178 3567 alii
1200 3523 1228 3567 et
1247 3531 1326 3583 pror-

154 3605 234 3642 wenn
276 3587 322 3642 die
359 3589 491 3645 Gerichte
526 3608 720 3660 ausqaqanpcn
762 3609 807 3645 sus
841 3590 971 3644 contrarii
1003 3590 1205 3645 Germanorum
1235 3608 1325 3645 mores

154 3666 248 3734 sind),·
271 3666 307 3721 cf.
331 3683 354 3719 c.
375 3672 424 3731 24,
445 3672 469 3722 3.
513 3668 600 3732 Quum
624 3670 720 3723 omnia
762 3668 891 3722 tradendi
918 3668 1011 3737 luere3
1038 3668 1141 3738 quippe
1167 3667 1215 3737 qui
1241 3668 1325 3721 valde

155 3744 369 3810 defecerunt.
762 3763 856 3799 comes
886 3754 977 3798 essent
1007 3744 1035 3797 in
1067 3745 1210 3814 hospitiis,
1241 3744 1325 3800 iidem

151 3855 154 3860 <
189 3820 297 3890 hospes]
316 3820 333 3874 i.
347 3837 372 3877 e.
385 3821 434 3891 qui
448 3822 625 3893 peregrinum
644 3821 718 3875 domi
761 3831 907 3877 cruentum
928 3821 957 3875 in
982 3823 1095 3876 modum
1114 3820 1278 3876 rixabantur
1297 3823 1325 3875 in

156 3910 315 3967 exceperat.
761 3900 901 3954 conuiciis.
949 3898 983 3952 Id
1017 3917 1073 3953 non
1108 3899 1196 3953 minus
1228 3908 1324 3954 notatu

189 3976 287 4045 comcs]
305 3993 342 4030 sc.
361 3984 408 4042 cst,
429 3976 474 4030 vel
487 3976 532 4043 fit.
762 3977 877 4047 dignum
890 3976 950 4041 suit,
963 3992 1047 4047 quam
1060 3977 1137 4040 illud,
1153 3979 1229 4047 quod
1241 3994 1326 4047 supra

189 4051 310 4122 interest]
325 4069 363 4107 sc.
378 4062 468 4106 utrum
481 4051 587 4106 invitati
599 4051 719 4121 veniant,
761 4054 878 4110 tradidit
896 4070 918 4107 c.
938 4060 977 4117 15,
993 4058 1017 4108 2.
1049 4055 1113 4124 Ipsi
1130 4054 1233 4123 babent,
1251 4056 1326 4109 mira

156 4146 190 4182 an
208 4147 265 4183 non
283 4132 409 4200 invitati5
436 4139 583 4200 utrumque
603 4132 719 4202 perinde
762 4132 922 4185 diversitate
957 4140 1091 4199 naturas,
1128 4148 1211 4200 qaum
1240 4134 1326 4188 iidem

83 4254 86 4258 ,
155 4213 204 4259 est
761 4210 884 4263 homines
908 4209 949 4262 sic
967 4216 1080 4262 ament
1097 4210 1272 4274 inertiam,
1299 4220 1326 4265 et

190 4292 324 4353 muntani
337 4286 379 4339 ad
396 4284 439 4338 ius
457 4285 586 4356 hospitis]
608 4284 650 4339 lta
663 4302 719 4339 om·
761 4286 906 4343 oderint
927 4286 1081 4355 quictem.
1111 4286 1222 4340 Nullam
1240 4287 1325 4356 igitur

155 4376 205 4413 nes
223 4363 322 4430 codd.;
343 4362 415 4417 salso
437 4362 465 4416 in
484 4362 576 4417 multis
596 4364 659 4417 cdd.
678 4370 721 4417 est
760 4364 1035 4435 rerbacorruptelae
1047 4362 1232 4435 suspicionem
1245 4380 1325 4436 prae·

156 4456 181 4509 q.
200 4438 296 4493 adius
312 4439 476 4511 hospitii
489 4470 523 4483 -
542 4440 586 4495 De
599 4441 720 4496 formula
762 4444 845 4509 beat,
870 4459 943 4517 quas
964 4440 1120 4502 ἆσυνδέτως
1138 4442 1236 4495 addita
1252 4448 1324 4496 sunt.
