3067 4867
288 369 339 424 DE
359 368 492 424 TAOITI
509 369 552 424 IN
568 368 788 424 scamarum
809 366 1015 423 GERMANIA
1035 365 1222 423 CONSILIO.
1302 367 1341 434 ll

174 563 195 605 a
224 539 390 604 nonnullis
421 562 482 626 pro
514 540 613 606 satira
645 538 789 605 habitum
823 551 882 606 est.
941 538 1008 607 Sed
1042 538 1229 624 improbare
1263 560 1342 613 rem,

175 649 301 716 etiamsi
328 672 402 714 cum
428 649 601 715 acerbitate
630 651 773 735 quadam
801 661 832 715 et
859 649 1083 734 indignatione
1112 649 1146 713 id
1174 649 1246 726 fiat,
1276 671 1343 713 non

175 769 225 826 est
247 761 376 826 satiram
403 759 559 838 scribere,
588 783 695 846 neque
721 761 754 825 in
780 761 878 826 totius
899 759 974 825 libri
996 759 1099 825 forma
1125 770 1222 846 atque
1243 782 1342 845 argu-

175 882 282 936 mento
299 871 422 957 aliquid
437 882 496 947 est,
519 871 608 956 quod
628 872 679 936 vel
699 872 799 935 ullam
818 871 936 936 satirae
959 871 1200 936 similitudinem
1214 869 1343 935 habeat.

147 1061 152 1068 ¹
176 982 276 1064 Quod
299 1004 496 1068 quamquam
516 981 582 1046 iam
605 982 724 1047 sufficit
746 981 788 1046 ad
809 981 1025 1048 inconsultam
1046 981 1134 1046 illam
1156 981 1344 1069 opinionem
1430 991 1434 1000 '

174 1092 399 1171 reficiendam,
428 1104 535 1157 tamen
555 1091 643 1156 haud
666 1092 733 1157 scio
759 1114 801 1156 an
822 1093 922 1157 multo
946 1091 1074 1177 gravius
1098 1091 1156 1170 sit,
1181 1091 1271 1178 quod
1292 1113 1344 1155 sa-

175 1203 254 1267 tirae
284 1225 362 1268 usus
393 1226 460 1268 non
490 1203 595 1268 solum
627 1201 668 1268 ab
698 1201 845 1267 historici
878 1224 1018 1289 persona
1049 1203 1155 1267 aliona
1187 1212 1252 1280 est,
1286 1201 1345 1266 sed

176 1315 273 1378 etiam
300 1312 407 1378 Taciti
438 1313 572 1399 ingenio
603 1335 737 1400 prorsus
766 1323 937 1400 repugnat.
991 1313 1076 1378 Nam
1105 1324 1141 1396 ut
1169 1313 1215 1390 is,
1248 1335 1345 1399 quem

176 1433 291 1497 natura
306 1422 468 1488 satiricum
483 1423 591 1502 finxit,
604 1446 771 1509 nunquam
786 1423 900 1488 sedato
917 1423 1078 1490 scribendi
1092 1445 1212 1509 genere
1228 1433 1345 1499 utetur,

176 1534 265 1618 quod
294 1533 448 1599 historico
471 1534 641 1614 convenit,
665 1534 710 1599 ita
732 1534 920 1611 historicus,
951 1534 1043 1598 cuius
1065 1547 1115 1598 est
1140 1532 1227 1600 facta
1249 1557 1345 1620 quam

176 1644 340 1709 verissime
364 1667 529 1732 exponere
555 1655 720 1710 eteorum
741 1667 875 1710 caussas
902 1645 1080 1731 explicare,
1110 1667 1162 1709 res
1184 1667 1251 1710 non
1273 1666 1346 1709 cum

177 1753 381 1820 cavillatione
408 1766 441 1820 et
465 1756 677 1822 mordacitate
702 1754 886 1842 exagitabit.
931 1755 1033 1837 Quod
1056 1778 1155 1840 quum
1176 1756 1209 1819 in
1232 1777 1345 1820 omnes

177 1864 279 1943 cadit,
308 1876 376 1930 tum
401 1859 540 1930 maxime
560 1866 645 1931 valet
674 1867 716 1932 de
738 1866 869 1945 Tacito,
900 1866 991 1931 cuius
1014 1875 1102 1931 tanta
1124 1877 1173 1930 est
1194 1865 1345 1952 gravitas,

177 1975 303 2040 animus
330 1976 376 2040 ita
402 1978 563 2064 sapientia
589 1987 797 2064 temperatus,
825 1974 968 2041 veritatis
993 1998 1084 2041 amor
1112 1986 1177 2040 tam
1208 1975 1347 2063 simplex

177 2096 208 2150 et
234 2085 410 2166 candidus,
440 2087 609 2174 pravitatis
638 2100 670 2153 et
700 2087 864 2175 nequitiae
891 2088 1002 2153 odium
1027 2097 1092 2152 tam
1119 2098 1283 2173 apertum,
1312 2096 1347 2149 ut

177 2219 197 2262 a
218 2197 335 2265 satirae
359 2197 530 2263 dicacitate
556 2209 588 2262 et
614 2199 804 2275 acerbitate,
833 2219 917 2284 quae
943 2197 1054 2264 irridet
1075 2198 1152 2263 vitia
1174 2208 1206 2262 et
1227 2206 1264 2262 ut
1288 2196 1346 2260 de·

178 2307 348 2394 spicienda
369 2308 523 2394 castigat,
548 2332 645 2396 quam
666 2309 856 2395 longissime
879 2307 972 2376 absit.

261 2417 330 2482 Alii
351 2429 475 2496 contra,
497 2430 584 2484 recte
605 2420 746 2485 assecuti
762 2420 912 2484 Tacitum
934 2441 1040 2506 neque
1058 2418 1239 2486 Germanos
1261 2417 1346 2484 cele-

177 2528 279 2606 brare,
302 2551 409 2614 neque
430 2531 651 2596 Romanorum
674 2553 780 2596 mores
804 2531 975 2596 emendare
996 2542 1052 2594 aut
1073 2531 1171 2596 satira
1192 2529 1346 2616 perstrin„

178 2661 255 2724 gere
280 2640 439 2718 voluisse,
468 2641 503 2704 id
533 2640 563 2706 ei
592 2641 797 2728 propositum
825 2641 926 2706 luisse
954 2641 1082 2719 dicunt,
1110 2653 1146 2704 ut
1171 2638 1348 2706 Germania

178 2749 307 2815 edenda
327 2754 451 2838 imperii
470 2754 640 2817 vatimont
662 2753 837 2819 consuleret.
878 2753 919 2817 In
934 2774 999 2840 quo
1015 2750 1149 2815 mirifice
1163 2750 1204 2816 iis
1219 2749 1347 2826 accidit,

178 2870 214 2922 ut
241 2860 275 2924 in
305 2860 433 2927 diversa
461 2870 494 2925 et
523 2863 608 2927 inter
636 2883 672 2926 se
703 2863 919 2947 repugnantia
947 2861 1081 2927 abirent.
1134 2861 1219 2926 Nam
1247 2882 1348 2945 quum

177 2969 306 3056 utrique
324 2971 469 3036 libellum
491 2975 533 3037 ad
553 2971 731 3036 Traianum
751 2972 909 3059 scriptum
931 2995 1002 3037 esse
1024 2971 1234 3048 contendant,
1256 2969 1348 3036 alteri

178 3079 212 3143 id
234 3102 274 3146 eo
295 3081 431 3146 consilio
454 3091 571 3168 putant
592 3081 727 3158 factum,
749 3076 786 3146 ut
807 3083 983 3170 imperator
1007 3083 1047 3147 de
1067 3082 1235 3168 periculis,
1263 3103 1348 3167 quae

179 3190 345 3277 expeditio
367 3191 401 3255 in
423 3193 608 3260 Germanos
628 3193 778 3269 haberet,
807 3193 992 3258 admonitus
1015 3217 1034 3259 a
1057 3192 1158 3271 bello,
1184 3192 1274 3279 quod
1295 3192 1346 3256 fu-

179 3312 308 3366 nestum
327 3301 427 3381 foret,
448 3303 676 3381 deterreretur3
699 3303 802 3381 alteri,
826 3313 878 3382 ut,
901 3303 1073 3372 Germanis
1095 3303 1128 3367 in
1150 3304 1220 3368 dies
1242 3301 1348 3387 magis

178 3412 449 3478 invalescentibus
482 3415 687 3500 imperioque
717 3413 866 3479 Romano
901 3414 1082 3500 periculum
1113 3411 1348 3488 minitantibus,

114 3603 118 3611 Ι
179 3523 254 3588 huic
271 3522 357 3589 malo
376 3535 559 3590 occurreret
576 3523 661 3589 bello
678 3546 776 3609 quam
791 3525 928 3612 primum
943 3525 983 3590 iis
998 3525 1177 3592 inferendo.
1213 3524 1347 3590 Utrum-

141 3710 143 3714 ·
179 3656 243 3717 que
263 3632 381 3698 falsum
401 3655 475 3698 esse
496 3642 529 3698 et
549 3657 683 3720 prorsus
705 3635 980 3713 commenticium,
1010 3635 1221 3700 certissimum
1250 3657 1347 3719 argu-

178 3755 322 3810 mentum
343 3743 407 3811 hoc
427 3752 492 3822 est,
515 3744 619 3829 quod,
643 3744 671 3810 si
692 3745 759 3810 ulla
780 3744 879 3833 plana
899 3757 996 3831 atque
1017 3756 1130 3832 aperta
1152 3743 1347 3832 significatio

179 3854 248 3919 eius
270 3855 318 3920 rei
340 3864 493 3932 exstaret,
516 3878 582 3920 non
605 3855 766 3942 potuisset
787 3856 873 3933 fieri,
896 3866 932 3920 ut
954 3856 1132 3923 sententiae
1154 3865 1219 3920 tam
1242 3855 1348 3922 diver-

179 3987 248 4042 sae,
276 3987 413 4050 quarum
435 3989 501 4030 una
524 3965 668 4030 excludit
689 3966 838 4043 alteram,
868 3969 1136 4053 excogitarentur.
1181 3966 1248 4034 Sed
1263 3945 1348 4053 'pro-¹

179 4075 263 4141 lecto
287 4099 328 4140 ne
350 4075 485 4142 verbum
506 4076 638 4162 quidem
666 4077 700 4142 in
726 4087 796 4142 tota
818 4077 992 4144 Germania
1013 4078 1148 4164 legitur,
1177 4078 1267 4164 quod
1290 4078 1348 4142 de-

179 4197 336 4252 monstret
365 4187 553 4252 alterutrum
582 4187 689 4253 Taciti
718 4187 912 4266 consilium3
946 4212 1053 4276 neque
1082 4189 1148 4254 ulla
1176 4189 1274 4265 ratio,
1307 4187 1349 4253 ab

180 4296 250 4364 eius
272 4300 449 4366 sententiae
471 4298 658 4364 auctoribus
679 4297 790 4375 allata,
813 4321 855 4364 ex
876 4299 950 4385 ipso
973 4300 1056 4366 libro
1077 4300 1182 4387 petita
1204 4311 1268 4374 est,
1290 4298 1349 4364 sed

180 4430 294 4476 omnes
313 4409 514 4477 extrinsecus
532 4409 714 4476 arcessitae.
750 4409 822 4476 Iam
837 4432 917 4475 vero
931 4410 1068 4476 consilia
1081 4410 1208 4476 nonita
1223 4410 1348 4487 dantrrr,
