3067 4867
211 294 251 365 16
556 302 858 358 11101100111111,
894 300 1030 387 011111.

212 498 277 564 001,
308 488 364 552 sed
393 496 499 575 spreta
530 488 615 553 illius
650 490 885 558 consuetudine
907 512 1004 554 unam
1027 490 1168 576 aliquam
1189 490 1381 555 sententiam

209 600 244 663 in
266 601 400 685 longum
420 600 589 665 verborum
609 598 763 663 ambitum
785 600 960 665 diducendi
980 610 1012 667 et
1033 600 1190 665 orationis
1204 601 1380 687 splendore

211 710 404 787 illustrandi,
427 709 490 773 hoc
513 711 622 795 potius
642 710 720 795 agit,
742 719 779 773 ut
795 733 891 795 quam
906 710 1060 797 plurimas
1075 712 1251 776 sententias
1267 711 1383 797 paucis

210 822 317 886 verbis
358 820 608 905 complectatur,
651 820 809 906 pluraque
849 820 1024 885 lectoribus
1058 821 1234 905 cogitanda
1265 821 1380 885 offerat

213 954 309 1017 quam
331 931 436 995 verbis
461 930 660 1016 expressisse
682 931 839 999 videatur.
880 931 991 1013 Quare
1014 932 1118 996 oratio
1142 931 1381 997 eius'brevicra

212 1042 309 1107 habet
333 1050 508 1117 commata;
528 1042 629 1106 rarior
651 1042 739 1126 apud
762 1063 835 1105 eum
856 1042 1041 1128 longiorum
1063 1041 1273 1128 periodorum
1285 1064 1381 1124 usus;

213 1152 293 1218 nihil
316 1162 423 1216 autem
443 1152 644 1235 frequentius
665 1150 838 1237 asyndeto,
867 1175 932 1238 quo
954 1153 990 1215 id
1012 1152 1164 1229 allicitur,
1187 1161 1223 1215 ut
1243 1152 1380 1218 lectores

211 1266 336 1329 intento
363 1263 469 1326 animo
501 1263 641 1327 auctoris
669 1272 819 1351 mentem
841 1263 932 1347 sequi
957 1262 1114 1339 debeant,
1141 1263 1284 1339 ratione,
1315 1284 1381 1347 qua

213 1374 358 1461 singulae
382 1375 562 1437 sententiae
586 1374 806 1450 continentur,
841 1373 930 1437 nulla
956 1374 1116 1459 particula
1132 1374 1290 1451 indicata,
1321 1374 1380 1438 sed

212 1495 327 1572 suapte
355 1485 387 1547 vi
412 1483 551 1569 prodita.
596 1484 706 1566 Quare
734 1506 831 1568 quam
859 1482 951 1546 multi
985 1485 1018 1548 in
1041 1484 1158 1549 Tacito
1180 1506 1252 1549 esse
1274 1484 1379 1569 questi

214 1606 341 1663 suntet
363 1594 525 1659 interdum
548 1604 724 1678 queruntur
746 1596 921 1658 etiamnum
943 1594 1186 1671 obscuritatem,
1210 1595 1318 1679 aliqua
1339 1616 1380 1659 ex

213 1716 305 1795 parte
334 1728 373 1771 ex
402 1706 462 1769 1100
493 1706 670 1790 asyndetae
693 1704 849 1770 orationis
873 1705 1108 1770 consuetudine
1130 1705 1309 1791 repetenda
1330 1705 1378 1767 vi·

212 1820 313 1884 detur.
358 1801 461 1881 Paulo
484 1815 617 1879 iustiore
641 1838 754 1879 caussa
776 1838 847 1879 eam
870 1814 1009 1902 positam
1031 1813 1120 1880 dicas
1141 1815 1175 1877 in
1198 1837 1255 1891 00,
1279 1815 1378 1900 quod,

132 1962 134 1967 ·
213 1930 289 1995 dum
320 1926 494 1991 sententias
523 1936 668 1991 coartare
694 1927 815 2003 studet,
851 1926 900 1989 vel
927 1948 992 1991 uno
1019 1926 1129 2009 aliquo
1157 1924 1316 1991 vocabulo
1344 1926 1378 1990 id

211 2039 382 2125 significat,
406 2038 493 2121 quod
516 2036 549 2100 in
575 2036 786 2122 explicaticre
806 2036 937 2101 dicendi
959 2056 1078 2121 genere
1099 2036 1184 2101 iusto
1207 2035 1378 2101 enunciato

212 2150 385 2215 dicendum
400 2160 478 2224 erat,
501 2147 551 2211 vel
568 2169 614 2223 ea,
639 2168 723 2231 quae
739 2160 892 2231 tanquam
907 2147 1098 2212 intermedia
1112 2146 1257 2211 membra
1272 2156 1378 2210 110110·

209 2262 289 2325 itum
328 2282 368 2324 ex
405 2280 469 2323 una
511 2258 670 2321 sententia
706 2258 746 2320 ad
762 2248 763 2255 ¹
778 2258 907 2321 alteram
938 2269 1074 2343 parant,
1118 2257 1214 2343 plane
1253 2257 1380 2320 omittit.

211 2372 418 2454 Quamquam
450 2392 490 2433 ne
520 2368 598 2433 baec
629 2368 761 2452 quidem
790 2367 929 2432 brevitas
963 2368 1008 2432 ita
1037 2377 1226 2454 comparata
1247 2376 1313 2445 est,
1342 2377 1378 2429 ut

209 2481 378 2546 molestam
412 2488 466 2543 aut
494 2477 642 2543 vitiosam
670 2478 900 2543 obscuritatem
927 2478 1041 2541 afferre
1069 2478 1183 2563 possit.
1236 2477 1378 2542 Tantum

212 2592 296 2657 enim
317 2590 408 2655 abest
428 2589 561 2653 Tacitus
587 2611 605 2651 a
627 2588 843 2675 perplexitate
870 2588 924 2653 illa
944 2588 1084 2665 dicendi,
1107 2610 1200 2672 quae,
1223 2587 1378 2672 11111000-

211 2702 337 2789 gitandi
358 2699 436 2763 vitio
459 2700 568 2775 oritur,
591 2698 784 2785 impeditum
802 2697 900 2762 habet
916 2698 1122 2774 intellectum,
1143 2707 1180 2761 ut
1193 2720 1289 2763 nemo
1305 2720 1379 2763 eum

155 2874 157 2879 ,
210 2815 312 2891 111010,
339 2821 504 2885 accurato,
540 2830 650 2873 severo
679 2809 914 2895 cogitationum
947 2809 1062 2873 ordine
1088 2818 1227 2895 superet.
1282 2808 1379 2890 Quae

209 2925 310 3010 igitur
336 2920 441 2987 obiter
469 2919 653 3005 legentibus
682 2920 844 2983 interdum
867 2918 1056 2990 obscuriora
1077 2920 1246 2995 videntur,
1275 2940 1314 2983 00
1336 2920 1378 2982 ad

211 3034 413 3119 singulorum
442 3030 612 3095 verborum
640 3030 704 3094 vim
734 3039 766 3095 01
792 3033 832 3095 ad
861 3052 981 3095 nexum
1006 3030 1235 3095 sententiarum
1262 3028 1379 3093 mentis

211 3145 313 3210 aciem
334 3139 576 3206 intendentibus
600 3141 789 3226 plerumque
811 3141 911 3227 plana
926 3151 958 3205 et
972 3141 1145 3227 perspicua
1161 3150 1261 3205 erunt.
1299 3141 1378 3203 Bre-

209 3255 300 3320 vitati
331 3252 448 3317 Tacito
484 3252 638 3337 propriae
673 3261 811 3337 cognata
840 3261 890 3316 est
920 3252 991 3316 eius
1019 3249 1149 3316 dicendi
1177 3250 1316 3337 gravitas
1346 3259 1378 3313 et

210 3363 405 3439 sublimitas,
435 3384 531 3447 quam
560 3362 679 3427 Graeci
708 3362 745 3428 111
775 3358 892 3445 σεμνόν
921 3362 1040 3426 dicunt.
1084 3362 1181 3444 Quae
1201 3370 1237 3424 ut
1257 3360 1379 3425 iontem

210 3475 324 3540 babuit
345 3473 486 3537 animum
506 3472 576 3537 eius
599 3472 715 3560 altum,
745 3472 874 3538 honesti
900 3472 1098 3551 studiosum,
1129 3494 1148 3536 a
1170 3471 1299 3536 levitate
1320 3470 1378 3535 ab-

210 3586 402 3659 horrentem,
426 3605 508 3647 vana
531 3582 780 3670 despicientem,
803 3584 849 3647 ita
873 3584 1020 3648 oratione
1041 3606 1172 3667 quoque
1195 3591 1227 3647 01
1249 3580 1379 3645 dicendi

209 3718 328 3783 genere
359 3714 514 3779 expressa
539 3694 705 3779 reperitur.
753 3695 838 3758 Nam
871 3716 970 3778 quum
1004 3694 1120 3780 spretis
1155 3714 1193 3759 00
1222 3692 1379 3777 neglectis

209 3806 306 3872 rebus
338 3803 483 3868 futilibus
512 3804 545 3868 in
578 3826 615 3870 ea
646 3814 790 3882 tantum,
825 3827 908 3889 quae
941 3805 990 3869 vel
1022 3805 1100 3869 recti
1129 3801 1180 3868 vel
1213 3802 1379 3888 pravitatis

209 3913 434 4002 magnitudine
460 3913 602 3998 insignia
624 3924 749 3992 essent,
777 3917 918 3980 animum
943 3915 1140 3991 intenderet,
1172 3924 1201 3977 et
1231 3914 1266 3977 in
1293 3913 1378 3977 iusto

209 4048 315 4093 rerum
336 4026 441 4111 pretio
471 4028 642 4090 statuendo
665 4026 804 4091 maxime
826 4025 1023 4100 elaboraret,
1053 4024 1085 4089 in
1108 4024 1183 4110 ipso
1207 4024 1379 4089 verborum

210 4138 355 4226 pondere
377 4135 543 4221 gravitatis
566 4137 675 4203 iudicii
698 4138 918 4201 adiumentum
935 4136 1100 4221 quaesivit.
1136 4134 1255 4202 Verbis
1279 4134 1380 4220 igitur

210 4248 375 4315 abstinens
398 4246 564 4310 tralaticiis
587 4258 619 4312 01
640 4248 763 4334 vulgari
786 4247 1020 4312 consuetudine
1042 4245 1250 4331 frequentatis
1272 4245 1379 4310 minus

209 4359 283 4427 trita
303 4358 441 4423 libenter
462 4360 614 4446 usurpat,
639 4360 772 4446 antiqua
795 4380 895 4446 saepe
916 4358 1043 4444 repetit,
1068 4358 1191 4445 quippe
1207 4378 1290 4443 quae
1306 4356 1383 4442 dig·¹
