3067 4867
197 363 240 430 -16
315 408 318 414 .
461 342 471 350 ’
543 361 848 422 raonnconnni.
884 364 967 421 cir.
988 366 1024 423 11.

199 554 264 619 que
291 533 378 599 acies
405 531 528 619 ubique
555 555 628 599 cnm
648 556 726 600 vero
749 536 848 601 animi
876 535 996 603 affectu
1023 536 1215 623 patriaeque
1242 538 1369 605 sincero

198 628 310 710 imore
328 643 537 711 coniunctum
556 648 607 711 sit.
650 645 767 731 Neque
786 646 892 733 magis
912 647 940 713 is
961 647 1059 713 animi
1078 646 1208 713 habitus
1229 671 1269 715 ex
1284 650 1369 717 Ger-

198 755 306 821 mania
328 776 425 841 quam
449 776 490 820 ex
513 756 629 821 ceteris
656 755 726 821 eius
751 757 880 845 scriptis
905 758 1027 835 elucet3
1055 780 1155 846 quare
1182 760 1291 825 omnia
1317 761 1369 825 in-

197 876 340 943 vertunt,
361 866 417 951 qui
432 864 641 933 Germaniam
662 889 701 933 eo
721 868 858 935 consilio
879 869 1030 935 aTacito
1052 870 1206 957 scriptam
1220 882 1369 946 censent,

198 988 235 1043 ut
253 976 382 1065 copiam
401 975 536 1043 haberet
559 978 658 1043 animi
678 1001 794 1044 sensus
811 980 1000 1066 profitendi,
1028 1002 1135 1066 neque
1158 980 1269 1046 vident
1287 982 1370 1068 ipsis

197 1088 312 1165 rebus,
335 1110 418 1173 quas
439 1088 595 1167 traderet,
624 1099 807 1176 permotum
829 1089 945 1167 luisse,
973 1102 1025 1169 ut,
1052 1113 1135 1177 quos
1157 1092 1231 1156 illae
1254 1114 1369 1159 sensus

198 1201 263 1268 sibi
285 1199 495 1278 excitassent,
524 1202 704 1265 narrationi
733 1200 875 1270 adderet.
923 1201 1012 1267 Nihil
1039 1201 1127 1267 aliud
1155 1211 1264 1268 autem
1292 1224 1369 1291 spe-

199 1324 305 1380 ctasse
334 1333 408 1376 cum
436 1333 532 1395 quam
561 1322 597 1375 ut
623 1312 805 1393 Romanos,
834 1334 941 1378 rerum
971 1312 1236 1379 Germanicarum
1264 1313 1370 1378 adhuc

198 1424 293 1491 valde
322 1424 470 1509 ignaros,
504 1421 636 1486 doceret
665 1433 764 1508 atque
797 1424 955 1502 erudiret,
989 1446 1087 1509 quum
1117 1424 1268 1490 universa
1295 1424 1370 1490 libri

198 1538 302 1602 forma
333 1544 430 1617 atque
459 1532 587 1599 indoles
617 1534 777 1613 ostendit,
807 1547 875 1599 tum
904 1534 1043 1601 maxime
1073 1546 1163 1623 patet
1192 1558 1231 1601 ex
1259 1534 1370 1601 multis

198 1648 262 1712 illis
283 1668 388 1711 rerum
410 1643 610 1729 singularum
632 1644 767 1723 notatis,
796 1647 879 1730 quae
901 1644 1053 1711 brevibus
1078 1645 1187 1711 verbis
1210 1656 1371 1733 concepta

199 1771 233 1824 et
253 1757 339 1822 nude
360 1755 451 1819 iuxta
473 1757 583 1843 posita
605 1765 717 1842 aperte
738 1778 810 1821 eam
831 1756 895 1821 vim
917 1755 1054 1834 habent,
1077 1766 1113 1820 ut
1134 1757 1371 1823 Germanorum

198 1891 305 1935 mores
325 1866 506 1933 accuratius
528 1877 777 1951 cognoscantur.
821 1867 906 1932 Nam
926 1866 979 1933 cui
1000 1867 1054 1931 alii
1075 1866 1121 1932 rei
1140 1866 1217 1931 talia
1236 1868 1372 1933 collecta

193 1982 281 2065 sint,
312 1976 459 2063 exputari
485 1998 552 2041 non
574 1986 693 2063 potest.
742 1976 846 2045 Simul
875 1977 1066 2063 intelligitur
1095 2000 1193 2065 quam
1221 1979 1371 2066 imperite

199 2101 231 2157 et
252 2090 364 2177 inique
385 2086 547 2163 indicent,
574 2088 647 2171 qui,
672 2088 825 2173 quoniam
847 2088 888 2152 iis
910 2086 991 2153 haec
1013 2108 1081 2153 non
1103 2089 1282 2165 sufficiunt,
1311 2088 1371 2153 scd

198 2202 294 2289 plura
326 2209 358 2264 et
392 2195 570 2285 prolixiora
604 2198 761 2263 tradenda
790 2198 891 2264 luisse
927 2199 1129 2265 contendunt
1164 2200 1207 2265 ad
1240 2201 1371 2286 plenam

199 2310 395 2379 Germaniae
416 2308 589 2395 imaginem
613 2307 842 2389 exhibendam,
865 2310 916 2375 vel
937 2309 1119 2397 imperitiae
1142 2310 1291 2376 Tacitum
1311 2332 1370 2375 ne·

199 2421 441 2509 gligentiaeque
460 2430 626 2498 accusent,
648 2421 701 2485 vel
719 2420 761 2485 ad
784 2420 983 2487 inconsultas
1003 2420 1072 2487 eius
1090 2421 1138 2487 rei
1157 2420 1370 2508 explicandae

198 2534 342 2599 rationes
367 2531 565 2617 confugiant
608 2531 755 2596 Primum
786 2532 871 2597 enim
897 2554 963 2597 non
989 2531 1140 2597 viderunt
1167 2533 1202 2597 in
1229 2554 1370 2599 novare

198 2644 390 2710 illustranda
421 2641 544 2708 auctori
572 2664 668 2727 quam
698 2643 838 2729 plurima
869 2642 970 2707 luisse
997 2642 1142 2728 undique
1173 2642 1368 2729 colligenda,

199 2756 318 2845 quibus
346 2756 379 2820 in
401 2776 502 2819 unum
523 2763 736 2841 conspectum
760 2754 845 2819 datis
862 2754 1107 2833 *Germanorum
1127 2754 1294 2841 ingenium
1318 2764 1368 2818 at-

199 2890 264 2956 que
290 2866 419 2932 indoles
446 2875 714 2951 cognosceretur3
747 2865 840 2931 aliter
868 2866 954 2930 enim
978 2864 1049 2930 fieri
1073 2887 1140 2929 non
1163 2874 1306 2952 poterat,
1334 2875 1370 2928 ut

198 2979 338 3045 Romani
357 2976 454 3063 paulo
474 2976 706 3041 accuratiorem
724 2976 856 3061 ignotae
871 2975 977 3061 gentis
992 2975 1140 3041 notitiam
1155 2976 1368 3063 perciperent.

200 3092 286 3155 Turn
307 3111 373 3154 non
396 3095 586 3174 reputarunt
604 3086 650 3150 illi
666 3087 776 3151 Taciti
795 3086 1040 3172 vituperatores,
1060 3086 1094 3151 in
1114 3108 1238 3151 summo
1260 3086 1371 3152 studio
1453 3060 1466 3078 .

200 3211 299 3289 atque
327 3198 496 3291 diligentia
524 3197 753 3284 descriptionis
775 3196 970 3263 Germaniae
992 3196 1210 3283 perficiendae
1236 3218 1369 3282 magnas
1428 3257 1432 3263 .
1519 3188 1520 3231 t

199 3324 306 3378 tamen
328 3321 361 3375 et
384 3295 544 3373 interdurn
567 3307 808 3396 insuperabiles·
827 3308 1031 3373 difficultates
1054 3307 1082 3373 ei
1105 3328 1177 3373 sese
1200 3307 1369 3373 obiecisse.

199 3425 284 3490 Nam
307 3444 406 3507 quum
429 3422 555 3507 priores
584 3422 759 3506 scriptores
789 3418 917 3505 singula
945 3428 1087 3497 tantum,
1116 3429 1212 3505 prout
1240 3419 1368 3485 occasio

200 3535 330 3611 tulerat,
366 3533 407 3596 de
440 3530 611 3596 Germanis
644 3530 870 3607 tradidissent,
907 3528 989 3616 ipsi,
1026 3530 1083 3614 qui
1115 3530 1238 3615 primus
1269 3538 1371 3594 totam

199 3645 411 3713 Germaniam
432 3642 716 3729 complecteretur,
744 3639 812 3705 lere
837 3640 945 3706 omnia
967 3649 1056 3704 erant
1080 3638 1283 3705 observanda
1312 3662 1370 3704 ex-

200 3754 433 3843 quirendaque,
456 3752 575 3840 quibus
598 3753 833 3819 Germanorum
856 3749 1080 3836 perfectiorem
1102 3750 1267 3834 quandam
1288 3751 1369 3815 ima-

200 3867 309 3953 ginem
331 3864 545 3930 adumbraret.
594 3863 634 3928 In
657 3884 721 3948 quo
744 3861 891 3948 prolecto
914 3862 1029 3926 mirum
1053 3872 1206 3937 nonest,
1237 3860 1263 3926 si
1286 3884 1370 3927 non-

199 3978 289 4043 nulla
308 3974 528 4063 imperfectius
549 3973 724 4060 praestitit,
745 3994 853 4057 neque
874 3972 997 4057 ubique
1016 3973 1233 4038 recentiorum
1254 3982 1370 4058 postu-

200 4089 275 4153 latis
297 4089 460 4175 optatisve
480 4084 644 4151 satisfecit.
687 4083 794 4149 Multa
817 4082 911 4161 enim,
936 4070 1074 4168 quorum
1095 4082 1234 4169 amplior
1255 4083 1371 4149 notitia

200 4198 297 4264 nobis
326 4196 569 4284 exoptatissima
600 4205 702 4271 essct,
730 4193 819 4259 velut
848 4193 889 4258 de
916 4194 985 4258 iure
1015 4192 1146 4279 publico
1176 4202 1209 4257 et
1234 4194 1369 4280 privato,

201 4310 245 4373 de
262 4307 423 4391 religione
444 4319 543 4391 atque
565 4305 679 4382 sacris,
709 4304 751 4368 de
778 4303 978 4391 opificiorum
1001 4303 1142 4379 ratione,
1174 4302 1217 4368 de
1238 4304 1368 4390 linguae

201 4417 349 4505 ingenio,
376 4416 417 4481 de
439 4416 637 4502 singularum
659 4413 805 4500 gentium
825 4411 959 4491 linibus,
985 4413 1124 4480 Romani
1145 4414 1250 4479 minus
1275 4434 1367 4479 cura-
