3067 4867
184 308 255 380 '118
481 303 485 306 ’
556 299 796 367 ..l-'conuerti
813 299 968 368 'raum'
997 349 999 352 -

194 498 333 584 agminis
362 519 443 564 sono
473 497 693 584 pellebantur,
716 537 761 547 —-
793 501 840 566 sic
868 502 1013 568 acerrimi
1039 502 1268 572 Britannorum
1301 497 1365 566 iam

194 610 319 696 pridem
352 608 554 686 cecidemnt,
588 610 731 695 reliquus
762 621 812 675 eat
839 620 991 676 numerus
1021 615 1213 698 ignavorum
1242 623 1274 677 et
1295 633 1363 678 me-

193 719 360 785 tuentium.
404 719 499 801 Quos
520 720 610 804 quod
631 721 763 788 tandem
785 721 965 801 invenistis,
994 746 1061 788 non
1082 724 1281 801 restiterunt,
1305 722 1389 788 seda

194 830 387 918 deprehensi
409 841 501 907 sunt3
523 831 719 897 novissimae
739 853 793 897 res
815 843 847 897 et
868 845 1011 906 extremo
1034 847 1121 901 metu
1144 855 1283 922 corpora
1305 833 1363 898 de-

190 943 292 1007 fixere
314 942 415 1007 aciem
435 941 469 1006 in
491 941 541 1006 his
562 942 725 1027 vestigiis,
753 943 788 1006 in
816 941 933 1028 quibus
956 944 1123 1032 pulchram
1146 957 1178 1011 et
1199 943 1362 1033 spectabi-

191 1053 255 1117 lem
284 1052 451 1117 viotoriam
477 1053 622 1118 ederetis.
673 1053 861 1138 Transigite
891 1077 964 1120 cum
991 1055 1270 1142 expeditionibus,
1300 1055 1389 1118 ini-4

193 1163 305 1249 ponite
327 1163 565 1250 quinquaginta
585 1163 678 1229 annis
700 1186 856 1250 magnum
879 1164 975 1243 diem,
996 1165 1177 1252 approbate
1191 1165 1237 1230 rei
1254 1164 1362 1252 publi-

193 1296 250 1337 cae
276 1297 454 1360 numquam
484 1273 639 1339 exercitui
661 1274 813 1361 imputari
835 1275 983 1362 potuisse
1005 1289 1060 1341 aut
1080 1297 1187 1342 morus
1210 1274 1287 1340 belli
1309 1285 1364 1340 aut

188 1405 328 1468 :caussas
351 1383 539 1453 rebellandi.

193 1573 315 1626 tissimus
331 1572 456 1640 mmque)
469 1571 607 1643 pluralem
619 1571 697 1625 verbi
715 1589 759 1626 re·
837 1572 1002 1625 noumeimue
1032 1589 1077 1626 res
1104 1580 1130 1625 et
1154 1580 1272 1626 entremo
1295 1578 1367 1624 metu

193 1667 261 1717 gere
287 1650 388 1716 soleat,
415 1658 508 1704 tamen
532 1648 759 1719 ratiogramma·
802 1650 934 1717 corpora]
963 1651 1005 1702 lta
1031 1651 1093 1704 Vat.
1112 1656 1142 1706 Γ.
1162 1655 1196 1704 Δ.
1221 1649 1367 1702 nouissime

192 1729 248 1782 tica
265 1726 419 1795 excogitari
430 1725 534 1796 nequit,
555 1743 604 1779 cur
615 1743 671 1778 non
684 1724 759 1779 idem
801 1725 835 1777 id
852 1733 877 1778 et
894 1734 960 1779 eutr.
978 1745 1012 1780 m.
1031 1745 1053 1780 c.
1069 1727 1178 1783 Puteol.
1191 1756 1224 1766 -—
1241 1725 1367 1780 Nouissi-

194 1805 288 1868 liceat,
312 1806 337 1857 si
360 1804 476 1873 quisque
499 1801 674 1857 substantivo
698 1803 758 1856 iun·
801 1819 875 1854 mum
892 1803 1022 1872 quoniam
1045 1812 1087 1858 est
1106 1812 1264 1867 octrumum,
1287 1801 1366 1856 Tuci-

182 1891 266 1936 ·ctum
293 1881 335 1934 sit.
376 1882 472 1943 Quare
490 1880 604 1934 Tacitus
627 1879 758 1934 audacius
801 1887 844 1932 tus
867 1881 999 1934 translate
1026 1881 1053 1934 id
1074 1879 1144 1934 dixit
1162 1881 1190 1934 in
1208 1898 1258 1948 eo,
1281 1879 1366 1948 quod,

193 1958 303 2012 dicendi
316 1976 396 2011 usum
410 1957 541 2010 dilatasse
554 1960 693 2026 putandus
707 1967 757 2010 est.
801 1957 866 2025 quia
883 1958 952 2010 nihil
968 1959 1042 2011 ultra
1057 1966 1108 2021 est,
1126 1976 1177 2030 pro
1193 1956 1366 2026 gravissimo,

226 2043 324 2088 curura
340 2035 653 2102 maire]ltaVat.F.A.
668 2052 757 2100 meere,
800 2035 942 2088 horrendo
968 2044 997 2089 et
1019 2053 1132 2107 prorsus
1152 2039 1299 2105 desperato
1317 2035 1365 2086 ha-

185 2113 293 2166 'omisso
315 2120 424 2177 eorrtru,
450 2111 557 2165 Puteol.
594 2112 663 2166 Inde
683 2112 757 2164 teta·
801 2111 897 2178 betur,
917 2113 951 2166 cf.
974 2112 1047 2166 Ann-
1063 2112 1094 2179 V,
1114 2119 1138 2167 7.
1167 2112 1253 2174 mrum
1270 2127 1366 2180 ereper-

193 2207 280 2244 nanus
297 2189 365 2244 fecit
380 2189 533 2242 robore—
550 2191 642 2242 Ruere
660 2191 695 2242 de
713 2187 756 2251 iis,
801 2206 858 2242 esse
876 2198 981 2260 tempus
1006 2189 1218 2242 nouissimis
1236 2187 1262 2252 ti.
1281 2204 1306 2241 e.
1323 2187 1365 2240 fu·

191 2270 239 2338 qui
257 2267 361 2334 impetu
377 2272 534 2332 accurrunt,
554 2266 654 2336 legitur
672 2264 756 2320 etiam
801 2275 879 2319 nesto
907 2265 1004 2332 exitui)
1031 2267 1187 2329 crederent,
1214 2265 1313 2333 plodio
1330 2293 1366 2304 -

192 2363 216 2399 c.
236 2348 278 2410 ³7,
296 2349 320 2398 3.
360 2342 483 2405 Histll,
504 2348 544 2407 18,
564 2349 588 2398 2.
798 2344 927 2398 incubuit.
965 2343 1031 2406 XII,
1046 2349 1088 2407 20,
1102 2349 1125 2399 3.
1154 2343 1288 2397 Meritum
1305 2342 1364 2411 qui-

194 2449 197 2454 ·
225 2421 431 2490 urso-sono]
456 2420 473 2474 i.
496 2437 519 2474 e.
545 2420 648 2474 solor.
683 2421 755 2489 Apte
799 2423 862 2474 ciem
884 2421 1084 2474 nouissima
1108 2420 1269 2491 euempla
1293 2419 1321 2485 (i.
1341 2437 1364 2473 e.

193 2500 307 2552 Wexius
323 2497 452 2552 ‚contulit
481 2498 557 2552 Curt.
582 2497 640 2564 ΙΙΙ,
670 2502 694 2559 8,
716 2502 755 2553 19.
799 2496 1018 2551 crudelissimum
1048 2497 1224 2568 supplicium)
1251 2497 1365 2551 Mithri·

191 2577 343 2630 Deiituisse
383 2575 456 2628 inter
490 2575 635 2644 anqustiae
666 2573 756 2626 saluus
799 2577 898 2628 dutum.
927 2575 991 2642 XV,
1009 2581 1051 2641 44,
1067 2582 1135 2629 5.-
1148 2577 1281 2628 Extremo
1294 2582 1365 2627 metu

190 2654 250 2707 ritu
266 2651 430 2720 iunobiiium
439 2654 584 2719 faurum,
601 2669 672 2721 quae
689 2660 756 2704 atre·
800 2670 920 2722 corpora
939 2661 1004 2706 sunt
1022 2651 1147 2706 homines
1164 2669 1270 2706 summo
1289 2661 1364 2705 metu

186 2731 250 2800 pitu
276 2731 513 2798 praetereuntium
543 2731 641 2782 noddo
671 2729 755 2782 silum
800 2729 936 2802 correpti,
963 2729 1111 2800 animoque
1135 2739 1252 2800 propter
1278 2745 1363 2799 pavo·

190 2827 252 2862 rum
270 2808 384 2860 latebris
404 2824 433 2859 se
451 2807 634 2862 occuluerunt.
798 2825 858 2860 rem
886 2808 924 2861 ita
948 2807 1088 2874 destituti,
1114 2817 1144 2860 ut
1172 2807 1363 2860 tantummodo

220 2885 408 2954 pellebantur]
430 2884 472 2937 Ita
484 2885 546 2940 Vat.
561 2890 588 2936 Γ.
605 2889 638 2939 Δ.
664 2883 755 2953 Vulgo
800 2901 918 2954 corpora
940 2885 1093 2938 videantur.
1125 2885 1168 2938 lte
1188 2892 1280 2937 autem
1297 2885 1324 2936 h.
1346 2883 1363 2936 l.

186 2963 340 3032 pelluntur,
359 2978 395 3015 ex
415 2960 563 3016 Puteolani
577 2960 739 3016 mutatione.
799 2961 880 3014 solita
898 2960 1030 3016 orationis
1049 2963 1138 3015 forma
1157 2961 1298 3014 immutata
1314 2967 1364 3027 est,

225 3045 249 3094 3.
272 3053 329 3092 nort
339 3039 507 3107 restiterunt]
530 3039 609 3102 Quae
623 3056 756 3111 suspensa
798 3047 836 3102 ut,
856 3042 932 3108 quod
947 3039 1112 3110 praedicati
1127 3039 1289 3092 attributum
1304 3054 1364 3092 esse

183 3135 252 3174 erne
278 3117 419 3171 debebant
446 3136 481 3172 ex
498 3118 585 3170 verbo
605 3115 699 3187 aliquo
715 3117 756 3170 di·
795 3117 928 3182 debebat,
946 3119 1093 3171 subiectum
1114 3115 1249 3170 enuntiati
1261 3117 1364 3170 sactum

189 3194 271 3250 cendi
295 3202 344 3248 unt
374 3193 529 3262 cogitandi,
561 3193 639 3248 velut
662 3196 756 3248 ficum
800 3194 844 3262 sit,
864 3196 899 3248 de
922 3213 977 3266 quo
998 3213 1048 3248 usu
1068 3212 1093 3247 v.
1112 3195 1147 3247 ad
1167 3211 1189 3248 c.
1208 3199 1248 3254 30,
1266 3198 1290 3248 3.
1308 3193 1363 3264 Igi-

188 3274 273 3339 uobis,
291 3273 401 3338 animia,
418 3273 566 3340 reputetis,
585 3289 634 3336 ea,
652 3272 754 3327 omisso
799 3281 845 3325 tur
864 3273 1031 3326 novissimae
1048 3289 1093 3326 ree
1110 3279 1135 3325 et
1152 3278 1272 3324 entremo
1294 3277 1364 3324 mem

189 3370 241 3421 per
259 3348 511 3418 breviloquentiam
528 3357 645 3418 regente
659 3351 754 3415 verbo,
798 3366 919 3418 corpora
939 3351 1057 3418 defluere
1077 3349 1165 3402 aciem
1188 3347 1291 3401 dictum
1312 3363 1363 3418 pro

188 3428 295 3482 directa
313 3427 439 3481 oratione
462 3425 655 3493 enuntiantur;
681 3429 716 3481 cf.
730 3445 754 3483 c.
798 3443 840 3489 eo,
861 3429 936 3495 quod
956 3436 1010 3481 est:
1029 3425 1166 3480 Britanni
1182 3426 1213 3478 in
1233 3427 1363 3494 despera

187 3513 231 3568 44,
244 3511 272 3563 ’2,
301 3505 422 3567 Quodsi
438 3504 680 3574 uacuamqnoqae
695 3505 755 3558 eins
798 3504 833 3556 tia
859 3505 939 3556 rebus
967 3504 1026 3556 auis
1061 3510 1191 3572 tantoque
1217 3510 1305 3566 mem,
1334 3509 1365 3554 ut

184 3583 295 3653 posteri
312 3598 423 3636 norem
442 3581 541 3648 uelint,
566 3583 754 3635 decentior
796 3580 881 3650 quasi
907 3582 1001 3634 animo
1031 3581 1134 3634 amisso
1157 3595 1277 3649 corpora
1303 3586 1363 3631 ten·

187 3679 285 3731 qurum
309 3659 498 3713 sublimior
513 3659 599 3726 fuit.
630 3689 660 3698 -
687 3661 754 3712 Non
796 3665 852 3710 tum
870 3658 1026 3722 uideantur,
1046 3659 1214 3726 definere
1234 3656 1364 3724 aciem,

185 3740 346 3793 restiterunt
370 3745 426 3790 est:
454 3753 510 3788 non
532 3743 656 3804 sponte
676 3738 752 3789 sub·
797 3733 813 3788 i.
832 3751 855 3790 e.
874 3735 1016 3788 immotam
1032 3735 1183 3788 reddidere
1203 3735 1300 3788 aciem.
1330 3731 1363 3786 Id

187 3817 373 3870 stiterunt.
398 3845 430 3853 -
456 3813 640 3882 Deprehendi
657 3812 752 3868 dicun·
797 3812 887 3882 ipsum
912 3822 1015 3881 autem,
1040 3813 1061 3866 si
1079 3813 1245 3875 Britannos,
1271 3819 1301 3865 ut
1319 3827 1363 3866 rer

188 3903 246 3961 tur,
269 3893 332 3963 qui,
350 3900 432 3960 quum
450 3891 538 3945 letare
557 3891 667 3954 volunt,
689 3893 753 3945 sub·
796 3890 929 3960 postulat,
946 3890 1098 3944 subiectum
1115 3889 1235 3960 logicum
1255 3888 1363 3957 feceris,

188 3971 243 4034 ito,
266 3971 455 4040 imprudentes
472 3976 500 4022 et
518 3967 597 4022 inviti
613 3978 752 4023 tenentur.
797 3967 870 4021 idem
899 3973 941 4020 est
968 3975 1068 4038 utque:
1097 3974 1172 4020 stunt
1197 3967 1305 4020 immoti
1334 3967 1363 4020 in

189 4050 360 4102 Obversatur
379 4045 479 4100 Tacito
497 4045 607 4099 videtur
625 4045 696 4100 Livii
714 4047 755 4102 lo·
797 4045 868 4108 acie,
887 4051 1045 4115 stupentes,
1065 4045 1133 4099 nihil
1151 4047 1296 4106 audentes,
1314 4042 1363 4096 im·

188 4142 237 4179 cua
254 4124 334 4188 XXI,
342 4130 390 4191 140,
408 4129 432 4179 e.
458 4124 505 4177 ubi
527 4123 560 4176 P.
579 4122 673 4193 Scipio
688 4135 754 4179 ante
796 4130 891 4192 petum
909 4139 1001 4192 neque
1020 4122 1153 4176 facientes
1172 4138 1263 4190 neque
1281 4120 1362 4174 eusti-

188 4221 309 4275 pugnam
341 4203 379 4254 ad
408 4200 539 4255 Ticinum
569 4202 604 4255 de
636 4201 754 4256 Poenis:
797 4207 905 4252 nentes.
932 4199 999 4252 liam
1012 4217 1070 4253 rem
1086 4199 1125 4254 sic
1139 4198 1275 4270 expressit
1287 4200 1361 4251 Anu.

186 4284 247 4336 Nee
264 4296 337 4334 nunc
356 4279 418 4346 ilii,
437 4280 539 4348 inquit,
557 4280 624 4348 quia
643 4281 754 4348 audant
796 4276 875 4342 XIV,
889 4281 930 4341 30,
946 4282 966 4332 l.
993 4277 1284 4346 Novitateadapectue
1296 4291 1361 4344 per·

184 4361 246 4430 eed-
256 4358 323 4428 uuio
333 4373 440 4412 necesse
453 4366 501 4427 ert,
514 4358 672 4427 pupnaturi
682 4366 753 4415 eunt
796 4355 887 4410 culere
906 4353 1016 4420 milites,
1034 4362 1065 4407 ut
1076 4354 1159 4425 quari
1176 4353 1362 4408 laurenti·
