3067 4867
167 258 217 330 88
576 259 937 324 octrumummrt·

167 453 327 519 frumenta
348 473 386 518 ao
405 453 573 519 recludere
594 455 699 541 pretio
727 453 946 541 cogebantur3
969 454 1116 524 devertis
1137 455 1287 527 itinemm
1308 467 1363 526 et·

168 563 391 651 longinquitas
410 564 582 650 regionum
602 564 822 643 indicebatur,
855 579 891 632 ut
913 567 1078 646 civitates,
1110 569 1268 654 proximis
1290 569 1343 634 hi·

168 674 287 752 bernis,
307 675 342 738 in
363 684 487 742 remota
509 684 541 740 et
562 676 634 741 avia
654 675 833 755 deferrent,
857 676 981 757 donec,
1003 678 1094 764 quod
1115 678 1268 746 omnibus
1288 681 1340 746 in·

168 808 362 873 prosperum
385 795 462 866 erat,
484 787 599 872 paucis
619 785 784 853 lucrosum
805 787 905 854 fieret.
1407 775 1412 782 N

233 896 334 963 XX.
367 897 462 962 Haec
495 896 600 984 primo
640 898 747 964 statim
783 921 869 965 auno
902 897 1147 986 comprimendo
1176 900 1341 986 egregiam

200 1083 358 1152 recludere]
382 1081 448 1138 Vnt.
466 1088 496 1135 Γ.
514 1085 548 1136 Δ.
567 1081 680 1149 indere,-
699 1111 732 1125 -
776 1084 823 1157 qui
847 1085 903 1140 sint
928 1103 1038 1154 omnes,
1062 1101 1134 1156 quae
1158 1083 1341 1156 oppositionis

167 1162 338 1216 Puteolanus
372 1160 506 1229 cendum
541 1189 576 1200 -·
619 1159 732 1215 Wexius
775 1162 862 1230 ratio,
891 1162 939 1234 qui
965 1163 1120 1218 sententiae
1146 1180 1208 1218 eum
1230 1171 1340 1218 sutem·

167 1241 251 1294 luere.
281 1237 448 1308 corruptam
467 1238 549 1291 codd.
568 1237 734 1308 scripturam
776 1240 905 1294 dentibus
935 1259 1038 1306 nexus,
1071 1257 1152 1296 nemo
1177 1239 1263 1304 dixit3
1292 1257 1340 1296 ne·

167 1315 300 1372 facillima
325 1315 436 1370 medela
464 1331 575 1368 saname
598 1314 665 1369 mihi
691 1315 733 1369 vi·
776 1335 832 1387 quo
854 1317 985 1386 Wexius,
1012 1318 1060 1388 qui
1084 1319 1172 1374 verba
1191 1319 1268 1387 quod
1283 1335 1340 1371 orn·

166 1397 235 1448 deor
254 1411 301 1446 rec
318 1394 435 1463 syllaba,
453 1409 581 1462 quamue
594 1395 734 1457 hauserat,
775 1395 856 1448 nibus
882 1395 912 1449 in
932 1403 1067 1466 promptu
1091 1403 1154 1450 erut
1178 1395 1339 1466 parenthesi

167 1471 277 1526 adiecta
296 1471 394 1524 ludere
411 1470 513 1531 verbo,
542 1472 619 1539 quod
638 1487 733 1523 rerum
776 1472 894 1534 inclusit,
914 1473 1174 1544 oppositionemque
1192 1472 1267 1528 inter
1283 1490 1339 1526 om·

168 1545 336 1615 condicioni,
350 1563 532 1618 quamsupra
544 1545 732 1617 exposuimus,
773 1549 853 1602 nibem
873 1558 901 1603 et
910 1550 1014 1620 paucis
1027 1551 1204 1606 intercedere
1216 1550 1340 1619 negavit,

167 1625 250 1681 unice
269 1623 406 1690 convenit,
425 1627 507 1678 modo
528 1632 625 1678 teneas
644 1623 732 1677 recla-
775 1626 843 1696 quid
869 1645 920 1698 pro
939 1627 1063 1682 subiecto
1082 1628 1184 1681 haheat
1203 1625 1339 1680 enuntiati

167 1707 233 1760 dere
261 1703 308 1758 hic
340 1721 397 1757 uon
426 1701 582 1772 significare
612 1702 733 1771 aperire,
774 1703 813 1757 ita
833 1703 1000 1758 conformati
1019 1703 1137 1776 aperuit.
1176 1703 1265 1760 Nobis
1279 1721 1339 1764 cer·

167 1783 217 1836 sed
237 1800 254 1836 a
272 1779 372 1836 Tacito
391 1780 514 1851 positum
532 1795 594 1833 esse
613 1777 733 1832 iterandi
774 1791 832 1834 tum
853 1790 894 1835 est
912 1792 1072 1853 comuptum
1090 1799 1150 1836 esse
1174 1781 1282 1847 locum,
1300 1798 1339 1848 ¹oc

166 1867 324 1932 potestate,
351 1865 382 1911 ut
407 1858 442 1912 sit
467 1874 564 1910 rursus
591 1856 731 1921 claudere,
774 1875 825 1928 pro
849 1859 880 1911 in
900 1867 1033 1929 promptu
1049 1857 1226 1913 scribendum
1244 1859 1338 1930 inpro-

165 1939 183 1991 i.
202 1955 227 1991 e.
243 1955 340 1990 rursus
357 1935 516 1989 clauclendo
530 1934 573 1987 vel
585 1935 734 1987 condenda
774 1953 894 2004 sperum.
936 1938 996 1991 Iam
1020 1955 1076 1990 non
1101 1937 1192 1990 solum
1216 1935 1340 1990 omnibus

167 2017 246 2082 dore,
265 2031 303 2068 sc.
318 2014 347 2066 in
365 2013 475 2065 horrea.
509 2009 578 2064 Erat
596 2009 669 2065 enim
687 2008 732 2064 vel
775 2012 805 2082 (i.
832 2031 856 2068 e.
888 2013 1045 2069 aratoribus
1078 2012 1239 2080 Britannis)¹
1261 2021 1339 2068 recte

166 2091 314 2146 maximum
336 2088 497 2153 ludibrium,
517 2089 595 2158 quod
609 2090 731 2142 frumen·
775 2090 927 2162 opponitur
940 2092 1043 2162 paneis
1055 2091 1083 2158 (i.
1097 2107 1122 2146 e.
1140 2091 1265 2146 accende
1278 2090 1339 2145 sive

110 2198 113 2204 ·
167 2179 225 2223 tum
254 2169 337 2223 modo
365 2186 401 2221 ex
428 2165 529 2220 clausis
555 2166 663 2220 horreis
684 2167 731 2220 de·
774 2168 962 2223 frumentariis
986 2168 1147 2236 Romanis),
1172 2185 1265 2240 neque
1288 2168 1338 2222 mi·

166 2255 319 2317 sumptum,
344 2243 450 2310 statim,
477 2243 523 2297 ubi
543 2243 663 2316 pecunia
681 2263 731 2298 nu·
774 2263 826 2300 nus
852 2255 930 2301 recte
959 2247 1162 2316 improapemm
1187 2248 1339 2316 respondet

166 2333 271 2380 merata
288 2322 356 2387 fuit,
383 2323 411 2376 in
428 2323 527 2376 horrea
546 2337 641 2376 rursus
661 2319 730 2376 inle-
773 2323 835 2377 voci
862 2324 1014 2392 lucrorum,
1042 2325 1092 2378 sed
1116 2322 1177 2394 ipsa
1202 2321 1338 2378 enuntiati

166 2406 288 2467 rebatur,
307 2408 336 2455 et
353 2398 464 2470 quidem
479 2399 580 2468 pretio.
772 2401 845 2456 ratio
869 2401 969 2455 iustam
995 2401 1112 2455 formam
1133 2402 1226 2456 habet.
1267 2401 1338 2456 Nam

178 2472 338 2534 'Devortia
366 2476 504 2543 utrarum]
540 2477 604 2530 Vat.
635 2483 664 2532 Γ.
693 2482 729 2532 Δ.
773 2481 862 2533 verba
887 2480 965 2549 quod
990 2478 1114 2532 omnibus
1143 2472 1338 2548 inprosperam

164 2557 288 2612 divortia
308 2556 369 2611 itin.
408 2551 537 2606 Correxit
549 2552 671 2625 Lipsius;
689 2553 730 2608 in·
773 2564 835 2609 erat
852 2555 880 2623 (i.
902 2574 926 2610 e.
946 2555 1083 2626 imperata
1100 2555 1216 2610 vectura
1235 2553 1337 2609 inlun-

162 2635 328 2705 telliguntur
349 2631 424 2687 enim
444 2630 609 2700 deflexiones
631 2634 666 2686 de
683 2633 730 2686 eia
772 2633 889 2704 ginquas
913 2632 1056 2704 regiones,
1080 2633 1235 2687 aratoribus
1262 2635 1337 2686 dam·

164 2713 315 2767 ordinaria
338 2712 369 2764 in
391 2709 465 2764 avia.
513 2709 661 2764 Continent
685 2727 727 2764 se·
772 2710 917 2765 nosissima
941 2711 1045 2780 sutura)
1080 2710 1235 2765 subiectum
1264 2717 1336 2776 sunt,

164 2788 279 2862 quentia
309 2805 411 2842 novum
444 2787 598 2844 vexationis
623 2806 726 2858 genus3
771 2786 1244 2862 cuiperduplicemuoppositionem
1255 2804 1335 2860 prae·

165 2869 237 2922 illud
261 2867 349 2934 euim,
373 2868 408 2920 de
435 2885 492 2937 quo
511 2869 594 2921 modo
614 2867 727 2930 dictum,
772 2867 895 2921 dicatum
917 2863 1085 2935 adiungitur.
1127 2865 1336 2936 Impar-ceperam

163 2945 323 3017 pertinebat
340 2947 375 2997 ad
395 2961 452 3009 eos,
471 2945 585 3015 qainon
598 2943 729 2997 haberent
772 2945 807 2999 de
831 2946 966 2998 damnoso
992 2942 1138 3013 aliquoties
1164 2942 1235 2996 dixit
1253 2941 1335 2996 Taci-

163 3025 340 3085 frumentum,
358 3028 386 3074 et
406 3038 441 3075 ex
459 3022 566 3077 horreis
585 3038 675 3075 emere
694 3038 728 3076 ac
770 3030 823 3085 tus,
846 3022 923 3075 velut
943 3021 1015 3076 Ann.
1032 3021 1084 3086 ΙΙΙ,
1104 3025 1145 3086 24,
1168 3025 1191 3075 l.
1228 3017 1278 3084 IV,
1292 3025 1335 3085 44,

165 3102 312 3156 recludere
337 3110 518 3169 cogerentur,
543 3102 597 3154 hoc
615 3100 652 3152 ad
671 3116 728 3168 eos,
771 3105 795 3156 4.
823 3099 893 3154 Hist
906 3099 941 3166 ll,
955 3105 996 3165 30,
1009 3104 1044 3164 2.,
1063 3114 1155 3171 neque
1175 3096 1231 3152 alic
1250 3115 1334 3154 sensu

162 3180 212 3249 qui
228 3178 366 3245 haberent,
384 3185 412 3231 et
427 3175 586 3232 inremotus
598 3175 727 3246 regiones
771 3177 935 3236 adverbium
964 3176 1066 3245 legitur
1095 3179 1168 3230 Ann.
1192 3175 1220 3240 Ι,
1250 3181 1280 3240 8,
1309 3181 1334 3232 4.

164 3260 275 3312 deferre
310 3255 492 3320 iuberentur,
528 3272 584 3324 quo
621 3262 728 3307 tantam
770 3256 813 3308 Ita
845 3262 937 3308 autem
962 3253 1102 3308 lanosum
1123 3252 1207 3307 fiebat
1229 3252 1335 3326 paucis,

158 3335 330 3404 longinquae
351 3341 484 3388 vecturae
502 3331 655 3388 molestiam
680 3349 728 3402 pe·
771 3334 849 3402 quod
881 3331 1009 3386 omnibus
1040 3333 1244 3402 improspcrum
1268 3339 1334 3393 erat,

163 3413 245 3467 cunia
264 3411 440 3466 redimerent.
770 3419 802 3464 ut
832 3419 975 3475 aratores,
1007 3427 1062 3480 quo
1093 3410 1223 3464 damnum
1247 3408 1334 3464 maius

191 3489 332 3560 proximis
348 3487 482 3558 hibernis]
502 3487 545 3541 Ita
567 3485 629 3541 Vnt.
645 3491 675 3540 Γ.
692 3490 726 3539 Δ.
770 3489 914 3554 evitarent,
926 3496 1067 3557 postremo
1076 3494 1187 3558 paratos
1200 3504 1231 3541 se
1243 3494 1335 3541 esten-

161 3569 255 3638 Vulgo
280 3585 299 3619 a
315 3584 396 3636 proc.
421 3566 493 3633 hila,
525 3582 560 3618 ex
579 3563 726 3618 Puteolani
771 3568 870 3621 derent
901 3565 948 3619 vel
973 3565 1002 3619 in
1028 3564 1185 3620 uuiversum
1209 3581 1335 3620 nummos

160 3643 321 3698 mutatione.
351 3644 459 3697 Ablatt.
479 3650 544 3696 aunt
561 3642 671 3708 absoll.,
687 3641 727 3694 ita
769 3647 836 3698 dare
854 3661 906 3714 pro
927 3643 1082 3708 frumento,
1109 3642 1169 3708 vel,
1197 3641 1221 3696 si
1244 3639 1335 3712 ipsum

160 3720 301 3777 solvendi:
333 3732 501 3792 quumqttam
525 3720 658 3790 prosimu
683 3719 726 3772 ti-
769 3721 938 3776 frumentum
956 3722 1064 3784 darent,
1084 3727 1160 3774 certe
1174 3719 1267 3790 pretio
1286 3719 1358 3774 ob·.

160 3802 245 3855 bano
264 3808 360 3855 ment.
767 3797 876 3864 tinere,
907 3816 943 3853 ne
967 3797 996 3852 in
1019 3795 1174 3868 longinqua
1194 3797 1258 3852 loca
1284 3797 1334 3850 de·

194 3877 402 3948 inprosperam]
422 3875 482 3931 Vat.
492 3882 521 3929 Γ.
531 3879 565 3928 Δ.
585 3874 615 3926 in
627 3891 725 3944 prom-
767 3877 882 3940 ferrent,
901 3877 951 3930 sed
968 3884 999 3930 ut
1017 3874 1150 3947 proximis
1167 3873 1275 3930 horreis
1293 3873 1334 3929 iu-

155 3963 216 4023 pta.
253 3954 330 4017 Quas
351 3953 380 4008 in
406 3956 469 4008 hac·
485 3954 566 4008 codd.
587 3951 725 4022 scriptura
767 3953 843 4008 ferre
866 3953 921 4009 sihi
945 3952 1051 4008 liceret.
1091 3953 1127 4008 Id
1152 3951 1242 4023 ipsum
1260 3951 1334 4007 euim

160 4032 252 4086 inesse
279 4033 462 4086 obscuritates
488 4038 565 4084 recte
598 4036 726 4083 senserat
767 4032 901 4086 volebant
918 4030 993 4085 avari
1013 4029 1187 4086 frumentarii
1195 4028 1332 4097 Romaui3

159 4107 320 4172 Ernestius,
340 4127 389 4163 eas
405 4109 571 4178 interpretes
592 4105 724 4161 adhibitis
765 4110 926 4164 indicebant
942 4107 1095 4178 longinqua
1111 4108 1184 4176 loca,
1202 4125 1259 4165 non
1277 4124 1334 4178 quo

159 4185 287 4240 omnihus
297 4185 495 4257 interpretandi
505 4183 639 4238 machinis
649 4201 724 4238 amo·
767 4189 937 4242 frumentum
955 4204 988 4242 eo
1007 4188 1219 4257 deportaretur,
1236 4185 1286 4240 sed
1304 4192 1334 4240 ut

159 4281 226 4318 vere
245 4281 301 4318 non
319 4273 477 4334 potuerunt
504 4261 581 4327 Quid
597 4261 633 4314 sit
645 4260 725 4326 illud,
767 4283 819 4336 pro
843 4283 899 4319 non
923 4266 1071 4334 deportato
1094 4261 1243 4335 pecuniam
1261 4261 1333 4318 acei-

160 4344 237 4416 quod
261 4341 386 4395 orandus
413 4342 443 4394 ia
465 4348 632 4412 promptu
654 4347 725 4404 erat
768 4351 875 4416 pereat.
920 4343 1004 4408 Quod
1028 4342 1239 4398 fraudulentum
1267 4357 1333 4396 eeu·
