3067 4867
178 282 250 342 XIV

224 480 329 545 auus
351 480 502 545 editionis
524 484 692 562 scriptura

176 602 313 668 XXXIV,
327 609 356 660 -3,
377 612 406 659 et
426 613 550 660 extremo

175 680 312 746 XXXIV,
330 686 355 739 3.
374 682 495 737 defixere
515 683 601 739 aciem

175 756 297 827 XXXV,
315 764 340 814 2.
366 758 436 814 citra
454 760 610 815 Romanum
631 761 742 832 sangui-

228 854 291 889 nem
310 836 434 904 bellandi

176 910 318 979 XXXVI,
345 918 367 969 1.
390 932 477 985 parva
502 922 580 969 scuta
605 922 633 971 et
661 933 741 971 enor-

228 1008 285 1044 mes
304 991 413 1061 gladios
432 992 595 1061 gerentibus

174 1066 318 1132 XXXVI,
336 1073 360 1123 3.
379 1070 480 1122 nostris
500 1086 534 1122 ea
553 1069 608 1124 ium

174 1143 330 1209 XXXVII,
350 1151 374 1201 1.
393 1154 610 1201 accucurrerunt

175 1218 332 1286 XXXVII,
350 1228 375 1277 3.
394 1224 507 1287 humus,
527 1231 555 1278 et
571 1224 722 1296 aliquando

72 1342 74 1345 ,
174 1300 330 1365 XXXVII,
354 1303 378 1356 4.
404 1298 557 1355 identidem
575 1302 681 1372 primos
699 1323 742 1360 se·

225 1376 386 1447 quantiam,
415 1377 542 1432 incautos
576 1378 688 1435 collecti
714 1391 742 1437 et

227 1456 353 1509 locorum
370 1453 481 1524 ignaros
502 1454 591 1524 gnari,

173 1530 327 1597 XXXVII,
346 1536 370 1587 6.
387 1539 593 1603 respectantem
615 1536 672 1591 rari

173 1606 240 1677 XL,
256 1614 280 1663 4.
298 1608 408 1680 penitus
427 1608 504 1663 auxit

174 1686 299 1748 x1.1‚2.
319 1686 451 1741 militares
471 1684 523 1740 viri

173 1762 282 1827 XLIII,
301 1768 326 1818 2.
347 1764 485 1818 affirmare
505 1762 592 1817 ausim

173 1840 276 1901 XLIV,
291 1844 315 1897 2.
332 1840 400 1894 nihil
419 1849 509 1895 metus
527 1848 555 1895 et
573 1840 692 1914 impetus
711 1843 738 1899 in

227 1918 306 1972 vultu

172 1993 277 2059 XLIV,
309 2001 335 2051 4.
371 1992 514 2067 speciosae
553 1996 738 2067 contigerant.

224 2070 295 2125 Filia
323 2080 408 2143 atque
431 2075 739 2145 uxoresuperstitibus

224 2155 316 2219 potest
336 2149 425 2204 videri

130 2260 133 2276 .
172 2224 274 2291 XLIV,
290 2233 314 2282 5.
336 2226 408 2280 Nam
420 2226 501 2281 sicut-i
514 2230 615 2284 durare
628 2228 656 2283 in
667 2232 739 2287 hanc

223 2302 373 2359 beatissimi
391 2302 477 2359 seculi
496 2305 586 2360 lucem

171 2457 276 2522 XLIV,
297 2464 320 2514 5.
339 2458 434 2514 videre
454 2462 596 2530 qnondam

170 2534 261 2600 XLV,
279 2541 302 2592 2.
322 2542 380 2589 tum
401 2546 543 2595 renuerat

171 2610 259 2676 XLV,
289 2616 315 2671 2.
345 2631 395 2668 nos
424 2614 544 2671 Maurici
572 2612 737 2687 Rusticique

222 2708 296 2745 visus

170 2768 260 2831 XLV,
280 2773 304 2824 3.
327 2786 411 2840 quum
435 2770 599 2827 denotandis
623 2779 666 2827 tot
686 2774 736 2826 ho·

221 2844 324 2899 minum
342 2845 496 2917 palloribus

169 2920 259 2987 XLV,
278 2928 302 2979 6.
320 2923 421 2993 longae
438 2924 581 2979 absentiae

170 3000 259 3065 XLV,
278 3006 301 3057 6.
321 3008 386 3055 ante
405 3000 618 3070 quadriennium

170 3078 258 3142 XLV,
278 3082 301 3133 6.
321 3078 508 3149 comploratus
527 3097 556 3133 es

169 3156 277 3221 XLVI,
297 3161 320 3211 3.
340 3155 525 3211 aemulatione

169 3232 276 3301 XLVI,
297 3238 323 3290 6.
342 3232 437 3287 obruit

659 290 890 351 PRAEFATIO.

799 486 975 551 wentanae
996 489 1148 553 editionis
1168 492 1337 571 scriptu'ra.

786 618 911 664 extremo

786 688 909 752 defixere

787 764 867 831 [citra
901 765 1058 820 Romanum
1094 768 1257 836 sanguinem
1292 769 1350 823 bel-

837 842 925 917 landi]
1172 850 1175 853 ’

786 921 883 989 [parva
915 927 995 974 scuta
1023 929 1051 975 et
1081 939 1211 978 enormes
1239 923 1350 994 gladios

836 997 1008 1069 gerentibus]

784 1076 886 1129 normis
904 1075 960 1128 iam

784 1160 965 1207 accurrerant

783 1230 892 1283 humus.
930 1230 981 1283 Est
998 1228 1149 1299 aliquando

786 1306 897 1361 collecti
915 1306 1020 1378 primos
1039 1305 1228 1378 sequentium,
1254 1307 1349 1365 incau-

838 1391 883 1437 tos
902 1393 930 1437 et
948 1383 1073 1437 locorum
1092 1384 1207 1455 ignaros

783 1544 988 1607 respectantes,
1005 1536 1063 1591 rari

783 1613 897 1685 penitus
917 1613 1009 1668 hausit

783 1690 915 1745 militares
933 1690 987 1745 uici

783 1775 814 1820 nt
834 1768 971 1823 affirmare
989 1768 1077 1823 ausim

782 1844 852 1898 nihil
870 1853 959 1899 metus
979 1845 1007 1899 in
1026 1846 1105 1899 vultu

782 1998 925 2068 speciosae
955 1999 1132 2070 contigerant
1158 2001 1232 2056 filiae
1263 2010 1349 2075 atque

834 2075 915 2129 uxori
944 2078 1147 2147 superstitibus.
1188 2080 1286 2135 Potest
1309 2080 1348 2135 vi·

833 2152 894 2207 deri

781 2230 854 2284 Nam
871 2228 944 2284 sicut
962 2247 1080 2298 magnae
1099 2230 1243 2287 cuiusdam
1260 2231 1347 2288 felici·

832 2308 897 2359 tatis
921 2314 1007 2373 esset,
1032 2308 1134 2363 durare
1158 2310 1186 2363 in
1210 2312 1262 2365 hac
1282 2314 1348 2375 bea-

832 2381 930 2436 tissimi
948 2383 1035 2438 seculi
1054 2384 1117 2440 luce

780 2459 891 2524 ridere,
913 2462 990 2531 quod

780 2536 836 2591 iam
853 2544 912 2591 tum
930 2555 993 2591 reus
1013 2547 1082 2594 erat.

781 2632 831 2669 nos
863 2613 1020 2670 Mauricum
1045 2614 1248 2687 Rusticumqne
1277 2616 1346 2671 divi·

833 2692 918 2746 simus

781 2787 844 2824 cum
862 2770 1028 2825 denotandis
1046 2772 1099 2840 [tot
1114 2771 1346 2841 hominuml‘palss

833 2847 893 2901 lore
912 2846 1008 2901 oribus

780 2930 895 2980 nostrae
913 2924 1059 2979 absentiae

782 3003 857 3071 [ante
875 3000 1099 3073 quadriennium]

780 3077 947 3149 compositus
966 3096 1004 3134 es.

779 3156 919 3210 aemulata

780 3235 889 3290 obruet.

255 3446 325 3511 Iam
353 3466 487 3533 possem
516 3444 623 3511 adhuc
651 3445 758 3511 dicere
781 3445 822 3510 de
843 3445 883 3511 iis
906 3467 1027 3535 operae
1048 3466 1141 3511 meae
1163 3443 1344 3510 adminicu-

169 3556 226 3631 lis,
250 3554 368 3641 quibus
398 3566 527 3643 praeter
547 3556 659 3623 Wexii
682 3554 857 3621 editionem
879 3579 958 3622 usus
981 3579 1062 3621 sum.
1107 3555 1177 3623 Sed
1198 3555 1344 3642 priorum

170 3666 331 3733 editorum
358 3676 456 3751 atque
478 3666 661 3731 criticorum
682 3667 734 3731 vel
758 3666 874 3731 merita
898 3667 950 3731 vel
975 3666 1089 3753 culpas
1112 3687 1185 3731 cnm
1207 3666 1248 3731 de
1269 3665 1343 3730 uni·
1367 3719 1370 3725 .

168 3797 262 3843 verso
286 3777 404 3843 Tacito
427 3788 496 3841 tum
518 3776 560 3842 de
581 3776 739 3863 Agricola
759 3797 928 3842 recensere
951 3786 984 3842 et
1004 3776 1140 3863 longum
1163 3786 1226 3853 est,
1248 3785 1281 3841 et
1302 3776 1344 3841 ab

169 3886 265 3953 huius
300 3887 456 3953 editionis
486 3887 623 3953 consilio
653 3886 803 3955 alienum.
849 3885 963 3969 Quare
991 3886 1054 3953 hoc
1081 3897 1205 3951 tantum
1236 3887 1342 3951 dicam

170 3997 358 4063 adhibuisse
387 4020 439 4063 me
461 3996 622 4063 editiones
644 4006 748 4063 totum
773 3996 924 4063 Tacitum
946 3996 1199 4084 complectentes
1223 3997 1339 4061 Brote-

168 4107 218 4185 rii,
240 4108 393 4185 Ernestii,
415 4107 593 4185 waltheri,
618 4108 750 4187 Orellii,
772 4108 981 4184 Doederlini,
1003 4107 1137 4185 littei-i,
1160 4106 1341 4193 singulares

170 4226 277 4283 autem
300 4217 478 4303 Agricolae
500 4218 657 4294 Dronkii‚
686 4218 840 4295 Beckeri,
865 4217 1020 4296 Hertelii‚
1042 4217 1204 4294 Walchii,
1226 4216 1340 4282 Peerl-

169 4327 311 4419 kampii,
333 4324 483 4407 Nisseni,
505 4328 632 4407 Rothii,
655 4351 831 4415 earumque
851 4328 972 4394 nullam
993 4351 1083 4408 esse,
1105 4328 1158 4394 cui
1179 4350 1247 4393 non
1268 4326 1342 4415 plus
