3067 4867
426 418 641 475 GERMANIA.
681 412 711 475 0.
729 409 896 473 XXXVIII.
916 409 1054 474 XXXIX.
1284 408 1326 485 87

154 600 309 676 quantu,
332 610 371 655 ac
393 610 494 675 saepe
519 589 651 675 inipso
674 588 744 656 solo
769 588 888 655 vertice
909 588 1055 674 religant.
1099 584 1270 671 Principes
1292 594 1326 649 ct

126 701 350 767 cordatiorem
382 698 510 765 habeut.
563 700 614 763 Ea
642 720 719 765 cura
746 699 886 776 formae,
921 698 980 763 sed
1011 695 1182 771 innoxia-03
1217 715 1324 780 neque

152 810 239 875 enim
259 820 296 875 ut
320 821 429 873 ament
454 819 651 885 amentum,
674 846 716 859 -
736 808 769 873 in
793 808 994 873 altitudinem
1017 806 1180 891 quandam
1204 813 1235 869 et
1259 816 1323 869 ter·

150 940 271 997 rorem,
295 920 414 984 adituri
437 918 534 994 bella,
558 918 680 1005 compti
701 929 738 983 ut
759 917 901 983 hostium
924 916 1038 994 oculis,
1061 926 1224 981 ornantur.

234 1029 407 1096 XXXIX.
456 1028 704 1094 Vetustissimos
744 1050 780 1092 se
818 1026 1104 1111 nobilissimosque
1140 1025 1323 1092 suevorum

28 1225 32 1228 „
152 1139 334 1205 Semnones
364 1150 554 1205 memorant.
611 1137 711 1203 Fides
745 1137 946 1224 antiquitatis
980 1136 1138 1221 religione
1169 1134 1322 1201 firmatur.

126 1247 247 1315 tstato
272 1258 418 1333 tempore
443 1248 479 1311 in
501 1247 616 1315 silvam
641 1248 786 1333 auguriis
809 1257 937 1333 patrum
964 1256 997 1311 et
1022 1246 1131 1332 prisca
1151 1243 1324 1313 formidine

150 1453 225 1505 nuda
242 1468 275 1505 ac
290 1452 402 1503 deserta
416 1456 488 1511 sunt,
505 1446 546 1501 ita
562 1449 639 1502 soluta
655 1466 722 1502 rer-¹
791 1457 821 1503 stt
838 1449 957 1503 boatium
975 1448 1073 1516 oratu]
1102 1448 1180 1504 Haec
1200 1462 1324 1505 caussam

149 1535 262 1591 terreat,
280 1525 311 1579 t'rt
322 1543 376 1595 quo
393 1524 466 1578 nihil
482 1533 522 1578 eat
538 1525 714 1594 capillorum,
758 1527 879 1589 addunt,
899 1542 949 1579 cur
968 1533 1101 1579 terrorem
1118 1530 1256 1594 quaeruut
1278 1540 1323 1579 ca-

150 1630 185 1649 ε
205 1603 308 1657 calvae.
329 1633 362 1641 -
395 1602 530 1655 Additum
553 1602 630 1670 apso,
658 1619 714 1671 quo
756 1603 826 1673 pillo
851 1619 914 1655 cum
935 1618 1001 1655 cura
1024 1601 1157 1671 religatur
1182 1618 1270 1671 quara
1292 1607 1325 1655 et

150 1698 195 1735 res
212 1678 365 1735 intenditur
383 1683 421 1747 (v.
435 1682 471 1734 ad
482 1677 580 1747 Angc.
592 1695 617 1732 c.
631 1685 657 1743 6,
668 1682 714 1747 4.),
757 1680 832 1733 valet
850 1680 968 1749 queisque,
993 1680 1028 1733 cf.
1049 1696 1073 1735 c.
1092 1682 1133 1743 43,
1155 1682 1179 1733 2.
1207 1678 1324 1733 Partem

151 1757 225 1811 valet
244 1758 327 1811 odeo.
545 1805 548 1817 ,
756 1758 921 1809 tributorem
939 1786 973 1796 -
991 1764 1029 1809 ut
1049 1754 1215 1822 alienigenae
1234 1754 1323 1823 irrepo-

181 1833 315 1900 rets'qoat]
334 1831 377 1885 Ita
390 1832 452 1884 cod.
463 1830 558 1901 HMS3
574 1848 609 1885 ae
620 1832 715 1899 tepent
756 1841 832 1888 nunt.
845 1862 879 1873 -
899 1834 935 1885 H
937 1832 1067 1886 uatium
1085 1830 1161 1886 oculi
1177 1846 1324 1902 opponun-

149 1910 251 1978 Rbe3
281 1910 374 1976 liquat
397 1908 579 1978 RRcNVW;
610 1910 715 1976 reliqu·
756 1907 1323 1978 turamt'cartsmoculsls,quibusmolles

148 1995 194 2041 tar
217 1986 347 2052 PRudK,
375 1984 474 2038 vitiosa
502 1983 713 2054 terminatione3
755 2004 789 2042 ac
824 1985 936 2041 delicati
970 1984 1091 2040 Romani
1130 1986 1322 2039 comebantur.

150 2063 228 2118 nullo
261 2071 343 2133 pacto
377 2061 450 2116 enim
481 2062 591 2132 passiva
624 2062 715 2116 sorma
756 2064 821 2133 lpsa
838 2062 976 2119 sententia
991 2064 1132 2133 quendam
1149 2062 1258 2117 ironiae
1276 2078 1323 2117 co·

150 2140 246 2195 activis
270 2146 421 2208 aequantia
444 2170 478 2177 -
500 2139 601 2193 babent
629 2138 714 2193 iuter·
756 2140 845 2195 loram
864 2142 955 2195 habet.

150 2216 222 2271 iectu
239 2217 305 2271 ferri
323 2223 423 2285 potest
460 2215 595 2282 Reliyare
615 2225 656 2269 est
677 2213 715 2269 ita
791 2243 930 2297 XXXIX·
945 2248 966 2298 1⁸
980 2240 1137 2311 gemmea]
1151 2240 1324 2295 Habiubgnt

148 2295 246 2384 ligare,
260 2305 290 2351 ut
301 2296 377 2383 nodo
390 2290 532 2380 substricti
545 2291 634 2345 crines
647 2310 714 2362 pen·
758 2320 831 2375 intel,
848 2320 944 2372 Albim
963 2329 992 2373 et
1008 2319 1150 2379 viadrum,
1168 2334 1226 2386 qua
1243 2335 1279 2388 1³⁸
1280 2326 1325 2372 m

152 2373 209 2425 dulr
235 2381 264 2425 et
290 2369 449 2424 circumfusi
474 2369 601 2421 altiorem
627 2386 715 2439 quau·
757 2398 885 2451 Mmhia
905 2396 1046 2449 Lumiam
1065 2394 1186 2462 attingit·

150 2452 213 2501 dam
232 2448 352 2521 speciem
370 2445 504 2499 alliciant.
540 2444 641 2500 Totius
661 2444 714 2499 loci
792 2482 852 2535 md
914 2482 957 2535 m.
999 2480 1070 2533 ‚m
1100 2490 1111 2532 t
1165 2477 1200 2533 Η.
1279 2477 1307 2531 b.

150 2524 286 2579 sententia
308 2526 377 2578 haec
402 2533 460 2577 eat:
486 2540 581 2585 senes,
605 2522 714 2593 capillis
758 2479 1153 2627 Tacitffquffgtlmmenz'ss
1170 2496 1279 2626 1)ζὶῒέ
1277 2496 1322 2610 ¹4¹:

756 2638 842 2690 habet
855 2635 1051 2689 uetustieaimor
1062 2650 1133 2697 esse,
1150 2642 1243 2689 tameu
1258 2650 1324 2689 con·

758 2712 833 2768 cedit
844 2714 929 2766 valde
947 2711 1077 2779 audquoa
1092 2726 1159 2773 esse,
1178 2726 1324 2779 argumen-

757 2798 816 2843 tum
830 2807 865 2842 ex
880 2787 1017 2858 religione
1035 2796 1170 2857 repetens.
1181 2815 1215 2826 -
1235 2786 1324 2841 atde

758 2866 895 2921 obiective
914 2869 949 2919 ds
962 2864 1080 2918 veritate
1098 2864 1182 2927 dicta,
1201 2880 1274 2934 quae
1294 2863 1323 2917 iu

149 3002 212 3038 rum
227 2983 330 3037 dicitur
347 2984 470 3046 lauceio,
487 2983 503 3037 i.
514 3000 538 3037 e.
550 2983 623 3048 talis,
641 3000 714 3054 quae
757 2962 789 2997 ΓΘ
815 2944 875 3013 ψη
896 2943 981 3007 imt’
1007 2958 1145 3073 ⁶¹⁰⁸qu
1165 2940 1266 3071 ewr’
1290 2948 1323 3030 ,Μ

150 3060 274 3115 moribus
293 3077 348 3113 non
366 3059 461 3127 officit,
478 3059 583 3131 quippe
599 3079 656 3115 nort
673 3063 715 3115 ad
757 3020 1096 3151 ἓέῒῗαιὲῗῗθέῗῗπά·
1146 3036 1184 3071 au
1262 3019 1312 3086 ἄψ

149 3138 384 3207 cumcupervdmu
407 3137 455 3204 (cs.
473 3154 497 3190 e.
517 3143 563 3203 19,
582 3140 617 3206 2.)
643 3156 715 3193 com·
819 3138 828 3167 ’
882 3136 888 3149 '
925 3137 931 3150 '
985 3135 993 3160 ’
1029 3136 1036 3150 ’

144 3215 251 3285 poeste,
269 3232 360 3285 eoque
381 3214 441 3267 sine
460 3214 550 3281 culpa.
793 3205 817 3253 2·
836 3206 909 3251 θΐαΐθ
928 3196 1058 3266 imm]
1078 3194 1113 3251 ssf·
1132 3212 1156 3251 ⁰·
1174 3202 1200 3261 9,
1220 3202 1242 3251 ¹·

183 3292 214 3345 irs
222 3292 400 3345 altitudinem
408 3290 552 3360 quondum
560 3289 624 3355 etc]
632 3288 715 3343 Ratio
793 3282 929 3350 aurete]
944 3282 960 3337 i.
969 3299 992 3335 e.
1003 3280 1218 3347 retractatione,
1229 3296 1325 3349 quem·

150 3369 232 3423 huiua
254 3367 382 3437 asyndeti
402 3385 466 3422 cum
484 3363 715 3419 antecedentibus
758 3360 908 3413 admodum
927 3359 1101 3427 inaugurare
1120 3358 1233 3412 verbum
1255 3356 1323 3411 dici-

150 3454 193 3500 est
209 3445 394 3506 adversativa,
415 3460 489 3514 quae
508 3443 590 3512 plene
608 3440 649 3495 sle
666 3443 715 3495 ha·
757 3443 803 3489 tur
833 3437 868 3489 de
899 3437 1108 3505 consecrend03
1138 3436 1174 3490 ef.
1205 3433 1264 3489 (lic.
1296 3436 1324 3487 in

149 3525 212 3577 bet:
238 3538 342 3592 „mque
368 3521 440 3575 enim
467 3526 658 3574 ornantur
685 3524 716 3571 ut
758 3512 851 3567 Vatin.
878 3517 923 3576 10,
947 3516 988 3566 24.
1024 3511 1112 3573 Quum
1141 3512 1263 3566 indicem
1293 3510 1324 3565 eit

150 3607 243 3654 ament
261 3589 435 3665 amentmae.
456 3599 519 3650 aed
539 3602 716 3649 ornantur
756 3589 866 3653 rostris,
882 3589 977 3643 inille
995 3588 1203 3657 inaugurato
1221 3588 1324 3658 templo

150 3679 181 3731 a„
191 3676 370 3731 altitudinem
380 3676 524 3745 quandam
536 3680 716 3738 atoma-em,
758 3683 793 3719 ac
811 3666 881 3732 loco,
900 3665 1058 3719 celleraria.

150 3753 262 3809 adiacet·
274 3752 403 3822 proelio,
429 3750 533 3819 compti
550 3758 581 3803 ut
598 3748 716 3802 tomam
785 3748 961 3818 formidine]
984 3748 1000 3802 i.
1022 3768 1046 3803 e.
1067 3749 1236 3819 reuerentia,
1257 3751 1325 3805 reli·

151 3831 267 3886 oautef‘
284 3830 320 3883 cl.
334 3847 358 3883 c.
372 3833 397 3891 4,
411 3832 436 3883 2.
452 3827 625 3895 Minimeque
641 3824 717 3879 sitim
757 3825 840 3895 piene
871 3826 1115 3897 (Germ-<heiliga
1144 3827 1263 3896 Soheu).
1290 3858 1325 3867 -

151 3916 309 3977 certumque
329 3906 461 3969 tolerare,
481 3932 515 3943 -
532 3903 652 3970 frigora
675 3909 718 3955 ut-
760 3903 851 3957 Totus
868 3902 946 3956 locus
964 3920 1020 3957 uon
1037 3902 1126 3957 solum
1146 3903 1240 3958 verbis
1257 3921 1325 3974 poe·

151 4000 203 4053 que
224 3984 351 4039 inedium
377 3981 453 4035 coelo
479 3980 573 4033 solorre
597 3994 717 4033 arauc-
759 3980 846 4035 ticum
871 3979 995 4033 colorem
1017 3979 1157 4045 referens,
1183 3982 1234 4035 sed
1259 3980 1326 4051 ipsis

150 4068 239 4116 runt.
251 4090 285 4100 -
302 4060 341 4113 Iu
355 4057 500 4115 consilium
520 4074 553 4111 ac
569 4057 651 4111 finem
669 4057 717 4109 de·
759 4056 882 4111 numeris
902 4056 965 4111 iusti
983 4057 1137 4111 hexametri
1157 4058 1263 4113 formae
1283 4076 1327 4114 as·

152 4137 250 4201 clarat,
267 4144 299 4190 ut
315 4142 394 4201 cll,
407 4141 430 4191 2.
448 4136 515 4189 Non
531 4134 563 4189 riu
576 4140 719 4202 quaeum
760 4135 916 4197 simulatus,
940 4152 974 4188 ex
1000 4135 1108 4187 duobus
1127 4134 1240 4205 Virgilii
1262 4152 1326 4191 ver·

151 4223 244 4269 tamen
267 4221 317 4267 aut
338 4214 497 4266 mercedem.
524 4229 549 4265 v.
568 4212 605 4263 ad
622 4208 719 4279 Agric.
761 4212 838 4265 sibus
857 4212 1036 4265 adumbratus
1053 4210 1178 4277 videtur3
1199 4213 1234 4267 cl.
1252 4212 1326 4269 Aen.

152 4310 177 4345 c.
189 4297 214 4359 8,
226 4298 251 4347 3.
269 4293 372 4347 Sensus
389 4301 443 4344 eat:
463 4298 494 4343 ut
510 4286 718 4358 quodammodo
761 4288 826 4352 VII,
840 4293 888 4343 170
900 4306 960 4358 sqq.
980 4289 1095 4341 Tectum
1112 4297 1267 4361 aequatum,
1285 4290 1327 4344 irt-

152 4368 271 4422 maiores
295 4366 443 4421 videantur
468 4376 497 4420 et
518 4374 655 4420 terrorem
677 4363 720 4417 iu·
760 4381 836 4433 geras,
855 4373 962 4419 centem
976 4364 1092 4418 sublime
1110 4366 1245 4421 columnia
1256 4368 1328 4421 Urbe

153 4445 257 4508 dolant.
758 4441 820 4510 fuit
837 4458 959 4510 aemma,
980 4442 1132 4497 Laurentia
1153 4442 1235 4513 reple
1252 4442 1329 4513 Pici,

149 2602 177 2657 in
197 2602 300 2655 vertice
319 2599 434 2663 defecti.
452 2607 555 2661 tamen,
575 2602 650 2668 quod
669 2617 714 2653 ca·

150 2680 280 2749 pillorum
308 2680 343 2732 ab
369 2686 488 2747 utraque
517 2687 597 2747 parte
628 2685 656 2729 et
686 2676 714 2730 in

150 2755 278 2825 occipitio
293 2763 429 2823 superest,
439 2754 467 2806 in
481 2753 542 2807 eolo
552 2780 587 2799 =
596 2754 626 2806 irs
638 2755 714 2808 eudo

148 2831 249 2885 vertice
267 2829 396 2898 religant.

184 2912 209 2963 4.
226 2906 368 2973 innoxiae]
388 2906 495 2959 Forma
511 2914 638 2977 respectu
656 2925 714 2960 mo·
