3067 4867
335 302 386 355 nn
406 300 536 355 racrrr
556 299 722 355 suerrus
741 299 792 353 aa
807 297 966 354 urceum
986 299 1148 354 causas.
1286 298 1326 365 15

156 488 211 555 illo
234 511 301 553 non
322 488 466 566 inferior,
491 489 549 554 sed
573 489 669 555 etiam
691 486 865 576 perfectior
887 497 918 551 et
940 489 1157 574 praestantior
1171 488 1325 554 videatur.

157 598 295 664 Sublata
330 601 416 663 enim
448 600 540 665 bellis
572 598 718 665 civilibus
742 598 927 684 republica
950 621 1023 665 cum
1043 620 1169 664 morum
1193 597 1267 663 labe
1295 607 1327 662 et

157 710 312 793 antiquae
340 711 466 775 virtutis
496 710 661 775 oblivione
690 710 788 775 etiam
816 710 941 773 litterae
970 730 1008 773 ac
1041 708 1172 773 dicendi
1192 730 1244 772 ars
1268 708 1324 771 de·

156 820 308 885 teriorem
336 819 473 887 formam
499 821 682 887 induerunt.
733 820 869 906 Quippe
898 820 954 903 qui
978 820 1013 882 in
1041 817 1230 904 republica
1258 841 1323 883 uon

157 929 295 1015 amplius
326 930 497 1006 habereut,
535 954 598 1016 quo
626 952 796 995 commune
820 930 962 995 studium
990 930 1189 1004 conferrent,
1219 951 1325 1013 neque

157 1040 266 1129 legum
291 1041 355 1105 vim
383 1042 554 1116 sentirent,
584 1040 640 1105 ubi
663 1042 773 1106 omnia
795 1062 833 1106 ex
854 1042 950 1105 unius
973 1038 1104 1107 arbitrio
1128 1038 1324 1123 pendebant,

156 1151 293 1217 eandem
313 1150 498 1227 libidinem,
519 1173 603 1235 quae
625 1152 659 1217 in
682 1151 831 1217 omnibus
853 1152 937 1214 vitae
959 1150 1103 1236 partibus
1125 1149 1324 1227 cernebatur,

157 1263 253 1325 etiam
279 1262 321 1325 ad
350 1262 473 1327 litteras
505 1263 751 1337 transtulerunt,
780 1262 946 1346 antiquam
967 1262 1055 1325 illam
1074 1260 1205 1325 dicendi
1227 1262 1324 1325 casti-

155 1380 271 1449 tatem,
302 1394 398 1456 quam
426 1373 684 1457 praeclarissima
704 1373 837 1456 ingenia
858 1372 935 1435 olim
957 1393 1161 1456 summopere
1183 1371 1246 1437 sibi
1268 1393 1324 1438 co·

155 1482 282 1547 leudam
313 1492 518 1567 putaverant,
549 1484 614 1547 iarn
635 1506 700 1547 non
724 1483 863 1569 amplius
886 1505 945 1547 suo
969 1483 1075 1547 studio
1099 1483 1231 1567 dignam
1252 1484 1323 1549 rati.

155 1593 250 1659 Nova
283 1594 382 1678 igitur
416 1602 607 1678 quaerentes
645 1602 676 1657 et
710 1594 828 1679 prioris
854 1594 928 1677 lege
957 1594 1201 1657 consuetudinis
1231 1595 1324 1677 quasi

158 1703 296 1769 exsoluti
318 1726 422 1789 genus
438 1694 577 1768 ¹dicendi
600 1704 659 1767 sub
677 1702 871 1768 Caesaribus
885 1704 1076 1767 invexerunt
1089 1704 1205 1767 mirum
1220 1726 1323 1789 quan-

157 1823 224 1877 tum
247 1812 287 1878 ab
310 1836 348 1877 ea
369 1815 564 1899 integritate,
588 1836 671 1897 quae
688 1812 857 1879 Ciceronis
882 1815 1017 1899 eiusque
1040 1814 1224 1899 aequalium
1246 1838 1323 1899 pro·

156 1924 226 2009 pria
253 1923 325 2001 luit,
357 1924 557 2009 discrepans.
600 1925 632 1989 N
634 1948 686 1988 am
715 1947 775 2009 pro
804 1926 913 1989 nativa
934 1925 1139 2011 simplicitate
1161 1925 1322 1990 affectatio

155 2034 288 2098 invaluit
317 2045 412 2119 atque
438 2044 562 2111 tumor;
592 2058 651 2119 pro
679 2036 710 2099 vi
740 2044 771 2098 et
796 2036 913 2099 robore
943 2035 1081 2119 languor
1102 2045 1134 2101 et
1155 2035 1324 2112 mollities3

155 2167 214 2230 pro
246 2165 321 2208 vero
345 2144 463 2209 affectu
484 2146 629 2209 inanium
651 2144 822 2209 verborum
843 2145 946 2211 fucus.
991 2146 1126 2213 Omissa
1145 2148 1324 2217 orationem

154 2276 326 2319 numerose
353 2255 517 2318 vinciendi
538 2265 620 2332 arte,
650 2257 774 2340 argutis
804 2257 972 2321 sententiis
1004 2257 1146 2321 disiectis
1174 2280 1212 2323 ac
1234 2258 1322 2323 nullo

153 2364 282 2428 vinculo
304 2373 380 2449 apte
402 2365 534 2429 sociatis
560 2365 711 2451 plausum
735 2366 919 2451 captabant,
942 2390 1008 2452 quo
1030 2367 1179 2433 licentius
1200 2369 1235 2433 in
1255 2369 1322 2432 for-

152 2474 271 2551 manda
293 2475 440 2539 oratione
462 2485 680 2553 versarentur,
712 2498 750 2541 eo
773 2477 877 2561 magis
900 2500 970 2541 earn
994 2477 1199 2562 ingeniosam
1220 2480 1322 2545 videri

156 2585 337 2670 opinantes.
384 2585 473 2649 Hinc
501 2585 588 2649 nulla
618 2586 826 2671 proprietatis
858 2587 1029 2651 verborum
1059 2588 1258 2665 observatio,
1287 2591 1320 2654 in

152 2693 399 2759 translationum
420 2718 482 2759 usu
503 2718 626 2761 summa
643 2697 790 2771 audacia,
812 2698 912 2761 nimia
927 2720 1063 2783 graecae
1079 2700 1322 2765 consuetudinis

151 2804 306 2879 imitatio,
337 2805 486 2891 poeticae
516 2828 553 2869 ac
575 2806 734 2891 pedestris
766 2808 921 2872 orationis
942 2809 1126 2873 inconsulta
1152 2811 1321 2887 confusi03

152 2914 283 2979 omnino
307 2914 387 2977 nihil
409 2938 533 2993 sanum,
555 2915 740 2993 robustum,
764 2927 887 2983 rectum
907 2929 938 2984 et
958 2929 1093 2985 naturae
1114 2922 1321 2999 conveniens,

150 3024 208 3089 sed
231 3024 408 3109 depravata
429 3047 466 3089 ac
493 3026 690 3112 degenerata
712 3029 828 3096 omnia.

235 3133 331 3214 Quae
362 3134 456 3219 lapsa
486 3134 518 3199 in
548 3124 689 3203 deterius
719 3140 875 3203 orationis
906 3147 937 3203 et
964 3139 1141 3207 litterarum
1170 3143 1320 3209 condicio

149 3252 275 3307 tantum
297 3244 407 3323 abluit,
430 3255 465 3309 ut
486 3246 617 3324 Tacito,
642 3249 699 3332 qui
719 3249 884 3334 integrum
906 3259 1005 3333 atque
1026 3252 1204 3316 masculum
1226 3255 1320 3339 inge·

149 3353 240 3417 nium
263 3355 395 3440 optimis
418 3356 636 3441 antiquiorum
659 3359 817 3444 exemplis
839 3360 1030 3426 innutritum
1055 3361 1212 3439 habebat,
1243 3386 1319 3449 pro·

150 3461 279 3527 baretur
306 3475 360 3529 aut
390 3467 606 3543 satisfaceret,
634 3478 669 3532 ut
695 3470 805 3535 taedio
834 3491 907 3533 eum
938 3472 1030 3558 pravi
1050 3474 1150 3537 moris
1171 3474 1321 3556 impleret

148 3574 252 3663 etad
281 3574 416 3639 meliora
441 3579 623 3659 quaerenda
647 3579 836 3664 impelleret.
882 3581 995 3661 Vitato
1022 3584 1122 3667 igitur
1143 3594 1175 3647 et
1196 3585 1318 3662 relicto,

148 3692 305 3767 quantum
326 3684 395 3751 fieri
419 3688 541 3771 potuit,
572 3690 755 3772 aequalium
780 3690 882 3755 fracto
910 3699 942 3754 et
965 3692 1083 3757 vitioso
1108 3694 1238 3759 dicendi
1260 3720 1319 3781 ge·

146 3814 240 3870 nere,
273 3794 361 3858 aliud
389 3794 452 3860 sibi
482 3797 606 3863 effinxit
635 3799 738 3863 nobili
766 3801 870 3865 indoli
897 3824 976 3865 suae
998 3824 1194 3887 congruum,
1224 3815 1318 3871 etex

146 3903 338 3987 antiquiore,
359 3906 449 3990 quod
471 3904 665 3975 aCicerone
688 3911 865 3996 perlectum
887 3911 956 3987 fuit,
980 3921 1073 3975 etex
1095 3916 1217 3979 novitio
1239 3940 1318 3982 suae

146 4014 262 4079 aetatis
275 4015 322 4079 ita
337 4016 528 4092 conflatum,
552 4028 588 4082 ut
610 4020 672 4083 alia
695 4043 733 4083 ex
757 4020 813 4084 illo
837 4022 1011 4097 omitteret,
1035 4022 1099 4087 elia
1118 4046 1162 4087 ex
1182 4028 1244 4091 hoc
1265 4051 1317 4091 re·

144 4122 270 4201 tineret,
294 4134 362 4191 arte
384 4135 416 4189 et
436 4126 557 4191 iudicio
579 4139 715 4213 utraque
733 4132 873 4197 miscens
889 4142 987 4216 atque
1002 4141 1195 4218 temperans.
1232 4138 1316 4202 Ner-

144 4256 245 4297 vosae
267 4234 365 4319 igitur
387 4234 534 4301 brevitati
557 4262 656 4324 quum
679 4242 831 4320 studeret,
857 4242 1026 4308 Ciceronis
1042 4244 1172 4309 dicendi
1186 4248 1317 4334 copiam

143 4366 182 4410 ac
209 4347 440 4411 sententiarum
468 4349 686 4433 amplificandi
715 4354 887 4421 artificium
916 4356 1064 4421 consulto
1093 4379 1159 4423 non
1187 4374 1316 4431 secutus
