3067 4867
208 300 248 365 12
547 296 852 355 Procneoueur.
888 296 973 353 aar.
991 297 1030 354 u:

208 486 446 558 adolescentem
476 502 548 551 eum
571 496 705 572 propter
723 485 826 573 patris
849 485 991 552 cilicium
1014 485 1222 554 Germaniam
1244 485 1375 563 adiisse,

209 596 373 681 multaque
395 606 463 659 tum
492 596 600 681 ipsum
623 595 758 671 vidisse,
787 596 849 661 alia
872 596 1020 681 diligenti
1040 596 1236 661 scrutatione
1259 619 1373 683 peree-

208 708 307 793 pisse,
330 718 437 771 cetera
459 728 499 771 ex
521 718 671 771 accurata
685 706 824 771 lectione
840 706 983 793 priorum
999 706 1153 773 derebus
1169 706 1374 773 Germanicis

210 818 403 904 scriptorum
427 817 590 893 hausisse,
621 818 681 882 hae
703 839 738 881 re
759 817 912 903 explicari
933 841 1032 903 posse
1054 818 1196 893 videtur,
1220 839 1277 881 cur
1299 826 1375 902 post

210 929 331 993 editum
346 928 532 1013 Agricolam
555 926 698 1021 libellum
717 928 758 991 de
775 928 952 992 Germania
972 928 1189 993 festinandum
1204 927 1373 1013 putaverit.

208 1040 259 1103 Ne
282 1037 342 1103 sub
357 1038 547 1104 Domitiano
571 1037 744 1123 evulgaret,
767 1037 854 1103 haud
873 1036 973 1102 dubie
989 1038 1161 1123 prudentia
1176 1048 1209 1101 et
1223 1036 1374 1102 cautione

209 1147 391 1235 prohibitus
420 1159 479 1213 est.
537 1148 614 1229 Quo
646 1146 794 1224 sublato,
822 1147 877 1212 ubi
908 1148 1046 1233 primurn
1076 1148 1244 1234 ingenium
1271 1144 1373 1210 libere

208 1282 356 1328 exserere
385 1257 481 1345 copia
507 1258 583 1335 luit,
613 1258 693 1322 nihil
719 1257 832 1323 babuit
861 1257 1041 1343 antiquius,
1069 1282 1166 1343 quam
1187 1267 1223 1321 ut
1243 1255 1373 1343 pietatis

208 1369 369 1435 desiderio
399 1392 476 1453 erga
505 1390 652 1433 socerum
683 1367 891 1434 satisfaceret.
935 1370 1020 1434 Tum
1048 1391 1123 1433 vero
1152 1367 1233 1435 nibil
1256 1366 1285 1431 'ei
1312 1365 1372 1430 ob·

209 1480 304 1555 stitit,
335 1480 507 1563 quominus
536 1479 641 1544 statim
665 1479 874 1544 Germaniam
897 1480 1023 1558 ederet,
1052 1479 1259 1544 iamdudum
1283 1500 1372 1545 com·

208 1591 348 1671 positam
371 1601 403 1653 et
425 1601 558 1676 propter
580 1589 783 1673 iniquitatem
806 1598 987 1676 temporum
1002 1600 1167 1657 retentam.
1203 1590 1254 1656 Eo
1269 1588 1372 1671 magia

206 1712 312 1769 autern
337 1700 379 1763 ad
401 1722 470 1763 eam
492 1722 558 1765 rem
581 1700 703 1786 impelli
719 1698 841 1776 debuit,
865 1700 965 1785 quod,
988 1721 1088 1785 quum
1104 1700 1168 1763 iam
1183 1710 1278 1764 antea
1291 1711 1368 1763 coni

207 1810 314 1877 silium
346 1810 387 1874 de
408 1810 565 1875 Historiis
598 1808 777 1875 scribendis
807 1810 978 1895 agitasset,
1009 1832 1116 1895 neque
1141 1810 1230 1875 docti
1251 1808 1371 1875 laboris

207 1943 336 1985 cursum
358 1920 536 1985 Germania
558 1920 686 1985 edenda
707 1921 940 2007 interrumpere
963 1920 1104 1986 voluisse
1125 1920 1289 2005 putandus
1312 1933 1371 1995 est,

206 2053 312 2116 neque
343 2030 480 2095 absoluti
508 2029 606 2095 libelli
630 2031 670 2095 de
693 2030 868 2097 Germania
890 2030 1065 2096 editionem
1090 2031 1237 2107 differre,
1266 2029 1371 2095 donec

206 2139 375 2205 Historiae
409 2140 617 2226 prodiissent.
675 2141 759 2205 Utut
791 2151 860 2218 est,
895 2142 1029 2207 Tacitus
1064 2142 1098 2206 in
1135 2139 1371 2206 conscribenda
1422 2214 1425 2217 ⁴

206 2250 382 2317 Germania
410 2272 477 2315 non
501 2261 632 2315 secutus
662 2251 903 2315 est.consilium
926 2252 1059 2336 aliquod
1081 2262 1172 2316 extra
1191 2251 1296 2337 ipsius
1317 2271 1369 2315 ar·

205 2361 348 2448 gumenti
372 2372 519 2425 naturam
542 2361 701 2447 positum,
733 2384 771 2425 ac
801 2361 828 2425 si
856 2362 1051 2447 quibusdam
1072 2362 1152 2426 locis
1175 2362 1369 2446 depravatos

203 2474 424 2537 Romanorum
452 2493 558 2535 mores
587 2472 831 2557 comparatione
860 2494 933 2536 oum
963 2471 1135 2537 Germanis
1163 2471 1281 2555 tangit,
1318 2471 1369 2535 vel

202 2582 393 2649 bellicosum
415 2582 653 2648 Germanorum
684 2580 825 2646 animum
849 2604 888 2646 ac
912 2581 1065 2647 ferociam
1093 2581 1253 2658 ostendit,
1288 2580 1369 2645 haec

202 2716 269 2759 non
294 2692 469 2778 quaesivit,
497 2704 530 2756 ut
556 2692 724 2757 Romanos
746 2692 955 2769 admoneret,
979 2692 1057 2769 sed,
1088 2714 1188 2776 quum
1216 2714 1268 2757 res
1296 2691 1369 2777 ipsa

204 2804 383 2879 obtulisset,
406 2825 471 2877 non
495 2802 717 2888 praetermisit.

287 2912 500 2977 Historiae
522 2935 587 2995 quo
611 2934 697 2977 anno
724 2910 830 2975 editae
853 2911 927 2988 sint,
949 2934 1016 2975 non
1038 2921 1184 2987 constat3
1207 2923 1294 2975 certe
1309 2910 1368 2974 ali·

202 3034 283 3108 quot
311 3024 441 3088 demum
475 3044 576 3087 annos
614 3032 691 3107 post
718 3022 901 3105 evulgatam
930 3022 1138 3087 Germaniam
1168 3021 1367 3107 prodierunt.

203 3134 313 3217 Quum
336 3134 554 3219 Hieronymus
577 3132 610 3196 in
634 3131 758 3199 Comm.
783 3132 824 3195 ad
847 3131 981 3199 Zachar.
1004 3132 1075 3208 111,
1100 3133 1149 3197 14.
1171 3131 1279 3196 tradat
1302 3133 1366 3196 Ta-

202 3250 294 3311 citum
310 3257 385 3331 post
397 3247 571 3329 Augustum
593 3266 688 3327 usque
709 3246 751 3307 ccl
771 3255 900 3307 mortem
914 3244 1092 3307 Domitiani
1103 3245 1183 3307 citos
1198 3242 1367 3307 Caesarum

203 3358 370 3441 triginta
405 3355 606 3419 uoluminibus
639 3356 814 3417 emarcuisse
820 3397 830 3430 ,
865 3360 930 3436 quo
962 3374 1097 3417 numero
1126 3351 1302 3416 Annalium
1334 3363 1367 3415 et

200 3465 419 3531 Historiarum
440 3463 513 3528 libri
536 3462 630 3527 simul
652 3462 979 3548 comprehenduntur,
1000 3463 1078 3527 inde
1094 3471 1183 3547 patet
1198 3472 1365 3547 quattuor·

201 3575 307 3641 decim
331 3576 388 3639 bas
412 3573 596 3639 constitisse
618 3572 719 3651 libris,
743 3573 864 3659 quibus
884 3584 997 3638 auctor
1021 3572 1190 3638 historiam
1211 3572 1261 3637 sui
1284 3583 1365 3637 tem·

201 3686 291 3774 poris
314 3686 489 3751 aNeronis
511 3694 613 3749 morte
635 3706 739 3768 usque
763 3684 806 3747 ad
820 3682 1000 3748 Domitiani
1021 3694 1158 3748 mortem
1177 3681 1365 3769 complexus

181 3807 265 3881 ¹eat3
292 3796 349 3863 sed
380 3795 602 3861 tantummodo
631 3804 784 3879 quattuor
809 3795 926 3878 integri
955 3793 1081 3880 priores
1110 3804 1143 3859 et
1163 3816 1240 3879 pars
1262 3793 1365 3878 quinti

202 3916 387 3994 supersunt,
409 3906 524 3992 reliqui
547 3905 721 3992 perierunt.
764 3906 972 3971 Postremum
997 3905 1067 3970 eius
1089 3926 1174 3991 opus
1193 3904 1325 3969 luerunt

285 4017 488 4095 Annales,
520 4018 685 4102 quomodo
707 4017 780 4104 ipse
803 4016 942 4081 breviter
962 4026 1057 4081 vocat
1078 4014 1139 4093 IV,
1161 4016 1215 4092 32,
1239 4015 1267 4081 1.
1299 4012 1364 4091 ΙΙΙ,

180 4128 310 4204 {65,1.
342 4127 450 4205 XIIl,
470 4129 527 4204 31,
551 4131 579 4195 l.
617 4128 785 4210 Quantum
814 4139 919 4192 tamen
947 4150 987 4191 ex
1008 4125 1221 4213 inscriptione
1241 4122 1365 4190 codicia

205 4237 413 4305 Corbeiensis
453 4239 642 4316 coniicitur,
680 4239 736 4325 qui
776 4238 873 4302 habet
905 4242 945 4302 ab
976 4261 1099 4302 recessu
1129 4239 1194 4302 dici
1223 4236 1366 4321 Augusti,

201 4349 323 4416 amisso
345 4360 419 4415 ante
442 4348 520 4414 baec
541 4350 639 4415 verba
662 4350 769 4438 spatio
792 4348 846 4413 alii
868 4346 1072 4435 inscriptioni
1087 4346 1261 4425 destinato,
1282 4366 1366 4433 quae
