3067 4867
504 1445 975 1523 ARGUMENTUM.

660 1668 828 1681 *α-

625 1822 646 1879 1.
676 1820 854 1880 mouentum.

167 1934 170 1939 ¹
228 1948 253 1999 1.
281 1944 386 1997 Auctor
410 1949 527 1999 excusat
549 1941 696 1997 consilium
722 1941 805 1997 unius
826 1947 854 1997 et
876 1938 932 1995 iam
957 1938 1080 1993 defuncti
1105 1934 1223 1994 hominis
1242 1938 1325 1997 vitam

157 2028 351 2095 describendi,
371 2037 468 2101 utpote
485 2028 618 2099 temporis
637 2026 751 2099 ingenio
770 2046 868 2099 parum
887 2024 1136 2081 accommodatum.
1172 2024 1326 2081 Evanuisse

157 2107 241 2180 enim',
257 2134 329 2187 quae
342 2114 407 2169 olim
420 2114 512 2180 suerit,
525 2108 632 2169 virtutis
647 2112 866 2169 aestimationem
875 2134 882 2181 3
892 2112 1026 2183 singulos
1038 2112 1128 2167 bonos
1143 2129 1199 2166 non
1212 2129 1328 2182 magno·

157 2221 225 2275 pere
245 2201 364 2273 respici3
390 2202 528 2257 scelerum
549 2209 577 2257 et
595 2199 764 2272 flagitiorum
783 2197 937 2253 Domitiani
955 2196 1171 2268 exagitationem
1188 2197 1327 2253 lubentius

158 2297 188 2343 et
205 2287 332 2361 cupidius
351 2286 415 2357 legi.

168 2374 172 2381 ⁴
227 2378 253 2430 2.
285 2375 326 2429 Ea
353 2382 481 2445 tempora
501 2388 584 2443 quam
603 2388 686 2425 saeva
703 2369 820 2435 fuerint,
845 2369 942 2439 paucis
963 2368 1097 2441 exemplis
1115 2372 1246 2436 docetur,
1271 2388 1328 2441 quo

158 2466 254 2531 pateat
272 2458 384 2531 ingenia
401 2459 558 2513 miseranda
577 2456 712 2512 servitute
730 2473 864 2527 oppressa
882 2454 978 2511 fuisse.

229 2549 253 2601 3.
280 2546 376 2600 Rabns
398 2548 450 2599 sub
469 2545 563 2599 Nersa
581 2553 609 2599 et
626 2544 748 2599 Traiano
765 2542 796 2597 in
814 2542 914 2597 melius
932 2541 1053 2608 mutatis,
1072 2534 1165 2597 tainen
1181 2542 1328 2599 diuturnae

159 2630 283 2685 desidiae
301 2632 419 2687 effectus
436 2649 494 2687 non
513 2629 608 2685 statim
624 2631 750 2685 sublatus
769 2637 825 2692 est,
846 2627 974 2681 omnibus
991 2627 1070 2697 quasi
1086 2628 1165 2683 senio
1183 2629 1329 2699 correptis.

160 2719 255 2782 Quare
273 2716 385 2771 Tacitus
403 2718 450 2771 vel
469 2717 532 2770 rudi
549 2733 619 2770 voce
636 2715 783 2786 superiora
800 2723 929 2783 tempora
948 2712 1102 2783 scripturus
1121 2713 1252 2769 Historiis
1272 2716 1331 2770 anie

160 2802 322 2872 Agricolam
341 2801 499 2873 speciminis
518 2803 582 2859 loco
601 2802 761 2873 praemittit.

170 3018 172 3025 ¹
209 2996 245 3063 a·
268 3005 412 3077 lauretae
430 3000 623 3065 adolescentia
642 3006 820 3151 ml„
838 3018 936 3065 ursas
953 3014 1040 3079 mssa
1057 3003 1093 3061 ad
1111 3002 1281 3076 legatorum

738 3104 842 3151 noan.

230 3236 255 3286 4.
284 3226 434 3299 Agricolae
452 3234 537 3292 ortus,
555 3235 695 3299 parentes,
714 3232 853 3291 educatio.
872 3226 973 3293 studia,
993 3227 1145 3297 ingenium.

230 3324 255 3372 5.
282 3315 400 3369 Militiae
419 3311 575 3369 rudimenta
592 3314 707 3387 egregie
724 3316 806 3388 ponit
825 3315 853 3371 in
871 3311 1018 3369 Britannia
1038 3314 1088 3368 sub
1107 3313 1240 3370 Suetonio
1256 3316 1329 3371 Pau·

161 3400 228 3471 lino,
248 3400 295 3456 ubi
315 3409 373 3456 tum
388 3394 507 3455 Romani
525 3399 687 3472 gravissime
705 3403 913 3472 premebantur.
1295 3469 1298 3477 .

231 3494 255 3545 6.
285 3488 426 3563 Reversus
446 3487 606 3543 felicissimo
621 3487 798 3544 matrimonio
811 3486 880 3541 inito
896 3486 1028 3559 deinceps
1042 3494 1182 3558 quaestor,
1200 3486 1331 3543 tribunus

161 3574 262 3647 plebis,
280 3591 313 3629 ac
325 3581 438 3645 praetor
449 3574 486 3636 fit,
501 3574 710 3645 prudenterque
722 3572 844 3629 Neronis
858 3572 1012 3628 offensione
1025 3573 1110 3628 vitata
1124 3574 1199 3643 apud
1211 3574 1330 3629 Galbam

163 3658 279 3732 gratiam
299 3666 327 3715 et
347 3657 541 3713 auctoritatem
559 3660 653 3714 habet.

223 3752 254 3821 ⁴t.
282 3746 373 3811 Matre
392 3745 427 3798 ab
446 3744 614 3800 Othonianis
632 3746 781 3801 interfecta
798 3746 827 3800 in
847 3744 1010 3817 Vespasiani
1029 3752 1123 3815 partes
1141 3752 1330 3817 transgressus

161 3851 178 3887 a
194 3829 327 3886 Muciano
345 3831 402 3884 XX
422 3830 526 3901 legioni
544 3831 572 3884 in
585 3832 730 3888 Britannia
748 3832 939 3903 praeponitur,
959 3848 1042 3902 quam
1055 3829 1188 3887 seditiose
1201 3841 1331 3905 agentem

162 3918 245 3973 facile
267 3920 304 3972 ad
322 3915 486 3971 modestiam
503 3917 625 3986 reduxit,
646 3927 674 3973 et

231 4010 256 4060 8.
284 4002 466 4059 Praesidibus
484 4002 645 4059 Britanniae
666 4003 761 4059 Vettio
781 4002 890 4058 Bolano
908 4010 938 4057 et
950 4002 1049 4057 Petilio
1063 4002 1166 4057 Ceriali
1181 4009 1242 4059 tum
1258 4008 1330 4059 tem·

161 4091 289 4177 perapdo
307 4092 410 4144 ardore
427 4096 485 4144 tum
506 4090 609 4144 virtute
627 4108 661 4145 ac
678 4090 815 4146 modestia
831 4090 915 4145 valde
932 4091 1153 4145 commendatur.

172 4196 176 4209 ·
231 4183 257 4234 9.
287 4181 358 4231 Tum
378 4174 576 4248 aVespasiano
589 4177 756 4247 Aquitaniae
778 4176 1012 4231 adminiamsndae
1030 4175 1331 4249 praepositnsinstitia‚

162 4261 341 4328 humanitate,
360 4262 520 4333 integritate
536 4281 669 4318 summam
688 4266 764 4337 apud
781 4281 877 4320 omnes
897 4264 1008 4319 laudem
1025 4273 1158 4319 meretur.

233 4349 396 4411 Berooatns'
410 4351 508 4409 consul
527 4357 556 4409 et
572 4349 701 4427 pontifex
719 4352 758 4421 dt,
776 4368 811 4409 ao
829 4350 993 4414 Britanniae
1009 4350 1180 4427 praeficitur.
