3067 4867
93 1892 95 1895 ·
197 1877 232 1931 lia
249 1881 285 1932 ad
303 1888 394 1934 manet
412 1897 627 1950 maneamusque
645 1887 684 1933 eet
699 1895 763 1950 per-

198 319 261 392 144
410 315 596 380 coenatu
611 321 737 381 Tacl‘rt
754 321 963 382 conlecta
998 323 1030 384 0.
1047 323 1151 383 XLVL

197 533 269 577 rum
302 511 388 579 ieme
418 535 535 580 rerum.
587 513 673 579 Nem
705 512 825 580 multos
854 523 996 580 veterum
1027 515 1114 580 velut
1145 514 1303 601 inglorios
1337 523 1393 582 eto

196 621 359 709 ignobiles
389 623 510 690 oblivio
537 623 664 703 obruit3
696 622 848 711 Agricola
874 623 1056 714 posteritati
1079 635 1224 694 nanetus
1248 635 1280 694 et
1301 636 1366 694 tra·

200 732 285 800 ditus
308 747 472 823 superstes
495 734 561 802 erit.

197 922 252 975 hoc
278 921 372 976 differt
395 940 412 976 a
434 924 563 979 manebit.
601 923 663 976 Hoc
689 920 761 977 euim
804 921 841 974 iia
872 939 927 974 non
958 923 1152 991 cuccurrit,
1182 939 1269 996 neque
1298 923 1370 996 qaia·

151 996 155 1000 ’
197 1016 257 1053 rem
275 997 437 1069 simpliciter
458 1010 487 1054 et
511 999 654 1056 indefinite
671 999 763 1054 reiicit
805 1015 889 1068 qaam
904 999 939 1052 de
957 1001 1127 1068 eanmoita,
1145 1003 1370 1056 nonannoea-

197 1075 226 1131 iu
256 1082 365 1146 tempus
391 1077 532 1146 iuturum3
563 1096 655 1150 neque
678 1077 762 1132 infre·
806 1092 858 1145 qne
883 1077 967 1144 acatia
985 1079 1201 1134 memoravit.
1233 1079 1272 1134 At
1288 1079 1370 1150 Agri-

197 1171 287 1226 quens
305 1161 348 1210 est
368 1157 440 1211 haec
459 1154 613 1226 praesentia
631 1163 660 1211 et
677 1153 763 1212 futuri
807 1152 885 1208 colae
915 1153 943 1208 id
971 1172 1026 1208 uon
1055 1155 1178 1220 accidct;
1205 1155 1258 1210 iarn
1290 1155 1371 1218 eninr,

199 1231 357 1286 coniunctio
387 1225 432 1300 (of.
463 1233 606 1300 Drekeub‚
633 1235 670 1287 ad
701 1232 762 1286 Liv.
807 1249 890 1301 quum
914 1231 1068 1302 posteritati
1093 1241 1217 1288 uenatus
1242 1245 1270 1288 et
1287 1233 1371 1288 tradi·

197 1308 421 1378 xxxix‚4o,s.
439 1311 504 1366 Veli
527 1309 763 1380 11,co,5.);i11uo
806 1308 917 1373 tussit,
937 1327 992 1364 non
1012 1312 1238 1380 verumtamen,
1258 1329 1293 1365 ne
1314 1329 1370 1366 mc-

198 1385 314 1455 iudioat‚
339 1405 397 1444 reru
420 1388 475 1442 iam
498 1404 572 1444 nuuc
592 1388 631 1442 ite
651 1405 762 1460 compa·
806 1385 894 1440 morie
921 1385 980 1440 eius
1008 1395 1039 1441 ut
1067 1389 1217 1442 multorum
1245 1396 1369 1443 veterum

197 1474 287 1520 ratam
305 1482 379 1530 csse,
401 1475 432 1520 ut
449 1481 511 1521 eam
530 1483 684 1521 mansuram
702 1483 763 1520 esse
806 1461 966 1527 intercidat3
987 1464 1098 1518 durabit
1115 1473 1144 1519 et
1158 1474 1296 1536 superstes
1309 1464 1370 1522 erit.

198 1542 330 1614 sponderi
347 1541 441 1614 possit.
581 1588 583 1594 .
806 1539 838 1593 Iu
866 1540 1026 1610 planissima
1052 1545 1105 1596 heo
1131 1543 1268 1598 sententia
1295 1549 1372 1612 petet

224 1647 312 1714 sama
330 1648 433 1715 mm]
455 1647 472 1703 j¹
485 1663 511 1702 θ·
525 1647 654 1712 him-5,
671 1662 763 1700 mm
806 1617 944 1672 cardinem
963 1619 1068 1674 versari
1082 1620 1108 1673 in
1123 1619 1299 1691 oppositione
1310 1637 1371 1674 rer·

197 1731 336 1792 mmmm
360 1724 501 1779 mensam.
536 1723 682 1779 ΛΜΝ
706 1741 762 1777 non
805 1694 904 1749 borum
922 1695 1022 1749 obliuio
1041 1705 1070 1752 et
1086 1705 1220 1751 narratas
1238 1706 1263 1751 et
1281 1698 1371 1752 tradi·

235 1803 303 1855 12th
381 1803 387 1816 ·
468 1805 487 1856 d
541 1801 763 1856 mmmmm,
806 1780 862 1840 toa,
893 1790 966 1842 quae
990 1791 1036 1827 res
1065 1775 1193 1846 neglecta
1218 1775 1370 1831 editoribus

190 1818 233 1874 'po
320 1820 354 1856 Μ
374 1819 418 1868 m'
436 1820 466 1856 ’Β
509 1819 539 1857 ⁰⁸
805 1848 897 1903 fraudi
920 1849 979 1904 fuit.
1016 1852 1125 1907 Oblivio
1145 1861 1236 1906 autem
1257 1853 1287 1906 fit
1304 1861 1371 1915 tum,

807 1943 892 1996 quum
914 1945 960 1982 res
980 1930 1178 1985 memorandae
1195 1949 1251 1985 non
1268 1948 1371 1986 memo·

806 2012 911 2070 rantur,
924 2007 999 2076 quod
1012 2007 1105 2061 multis
1121 2016 1246 2062 veterum
1259 2009 1371 2072 accidit,

232 2088 257 2140 d.
286 2083 384 2154 odrnit]
404 2083 467 2138 Vet.
483 2088 557 2141 [A.
571 2085 673 2137 obruet.
699 2081 763 2136 Pel·
807 2098 862 2135 non
882 2085 997 2140 accidet.
1028 2085 1074 2139 Ad
1097 2085 1260 2140 seutentiam
1285 2085 1370 2158 ipsam

198 2160 280 2214 maris
308 2162 466 2216 emendatio
490 2160 605 2232 Hauptii
637 2161 665 2214 in
687 2159 761 2214 Mus.
808 2159 844 2214 cs.
870 2159 936 2217 Sall.
963 2159 1071 2231 Fragm.
1097 2162 1167 2219 Hist.
1192 2163 1220 2227 Ι,
1244 2170 1274 2219 57
1297 2167 1369 2230 (62).

197 2237 288 2292 Rhea.
316 2256 340 2294 a.
372 2243 446 2295 1845.
478 2238 543 2294 Vol.
570 2238 621 2292 ΙΙΙ.
647 2256 673 2308 p.
703 2242 760 2294 152.
806 2236 949 2290 Sertorius
985 2257 1088 2307 inagna
1118 2241 1213 2308 gloria
1248 2241 1371 2294 tribunae

197 2315 294 2368 obenit.
325 2315 395 2369 'Non
419 2326 572 2386 auguratur
589 2315 661 2370 enim
680 2313 760 2368 Taoi-
803 2314 922 2368 militnm
941 2317 971 2369 in
990 2317 1134 2386 Hispania
1156 2319 1188 2370 T.
1210 2318 1301 2372 Didio
1321 2320 1369 2374 inc-

197 2400 242 2446 tus
260 2395 386 2448 deveris
404 2402 478 2448 sorte
497 2395 591 2447 futura
611 2393 760 2446 multorum
798 2400 932 2461 perante,
951 2411 1052 2462 mapno
1076 2412 1128 2447 nen
1151 2395 1221 2448 bello
1241 2396 1369 2451 Marsico

174 2492 176 2495 ·
198 2478 322 2524 veterum
347 2482 376 2524 et
393 2470 559 2540 Agricolae,
583 2488 700 2540 quorum
718 2469 759 2524 iili
797 2477 907 2538 parata
936 2471 1054 2524 militnm
1085 2480 1110 2525 et
1140 2489 1281 2526 armornm
1300 2475 1371 2542 fuit,

197 2547 226 2602 in
251 2547 419 2603 oblivionem
443 2547 569 2616 venturi,
595 2548 640 2601 hic
664 2565 759 2619 super·
802 2545 983 2616 multaque
1007 2557 1075 2602 tam
1093 2551 1200 2603 ducta
1219 2551 1294 2605 eins
1313 2569 1369 2605 on·

197 1954 296 2012 tineus.

196 2633 253 2680 stas
271 2626 378 2679 futurus
396 2626 448 2690 sit,
474 2628 525 2681 sed
547 2643 597 2680 our
616 2641 650 2679 ea
668 2624 710 2678 vis
729 2625 763 2678 sit
806 2632 890 2678 rata
900 2626 995 2694 primo
1007 2642 1063 2697 per
1081 2625 1295 2697 ignobilitatem,
1313 2631 1370 2682 de-

190 2704 294 2770 famae
310 2721 418 2768 rernm,
436 2712 467 2757 ut
484 2702 633 2773 Agricolae
651 2701 763 2756 immor·
807 2701 890 2754 inde
910 2719 977 2772 per
1012 2703 1186 2758 invidiam
1215 2705 1370 2776 scripto·

196 2781 331 2835 talitatem
343 2789 475 2850 praestet,
489 2780 617 2836 ostendit
649 2779 763 2835 Scilicet
805 2797 881 2832 ram
911 2779 1140 2835 incelebrata
1167 2791 1253 2836 sunt.
1303 2783 1370 2838 Tac.

197 2866 228 2912 ut
253 2857 368 2912 alicuius
396 2858 528 2913 memoria
552 2859 589 2911 ad
614 2857 761 2928 posterita·
805 2855 879 2912 Aun.
898 2857 949 2924 111,
969 2863 1011 2926 65,
1029 2863 1051 2913 1.
1083 2860 1209 2930 Eaeeqni
1224 2862 1372 2915 sententiaa

195 2943 253 2989 tem
270 2935 432 3005 perveniet,
459 2953 528 3006 opus
557 2944 616 2999 est,
639 2944 670 2989 ut
686 2936 761 2989 fama
804 2935 883 2988 hand
897 2935 1017 3003 institui,
1042 2935 1100 2988 nisi
1116 2937 1236 3004 insignes
1252 2955 1308 3008 per
1324 2939 1371 2992 ho-

196 3027 289 3066 rerom
325 3029 387 3066 eum
421 3012 607 3083 amplectatur
642 3029 761 3082 eumque
804 3019 909 3066 nestum
928 3021 977 3066 ant
987 3013 1108 3066 notabili
1118 3015 1262 3078 dedecore,
1281 3018 1373 3086 qnod

197 3089 315 3161 posteris
328 3091 428 3145 tradat.
460 3089 569 3155 Quibus
586 3090 615 3143 id
628 3107 683 3143 nou
697 3106 762 3144 con·
800 3091 1028 3160 praeciperem
1046 3108 1167 3145 manaa
1185 3092 1372 3147 annalium

197 3166 278 3236 tigit,
307 3167 395 3221 latent
421 3167 449 3222 iu
481 3174 644 3240 perpetuum
670 3183 763 3238 neque
805 3185 900 3236 reor,
929 3186 969 3222 ne
998 3169 1152 3222 virtutae
1178 3169 1371 3224 sileantur.

198 3243 663 3299 ullinoscunturautcelebrantur.
690 3244 763 3298 Nam
806 3243 877 3300 Plin.
905 3243 975 3316 Epp.
1001 3245 1056 3310 IX,
1084 3250 1123 3302 14.
1165 3245 1273 3312 Quibus
1302 3247 1370 3302 locis

196 3323 276 3378 malti
294 3331 428 3392 veterum,
446 3324 545 3376 uirtute
561 3340 613 3376 aaa
631 3339 764 3392 magnam
807 3338 891 3391 quum
915 3324 970 3376 hoo
994 3331 1148 3392 assaretur,
1178 3324 1286 3379 nnllam
1314 3341 1371 3380 esre

196 3401 317 3470 ploriam
340 3402 448 3468 meriti,
483 3417 518 3453 ac
543 3400 626 3468 dium
645 3417 762 3469 mmmm
804 3400 935 3454 uirtutum
952 3401 1032 3470 apud
1050 3409 1179 3470 posteros
1200 3403 1370 3471 memoriane,

197 3479 332 3532 memorio
348 3480 428 3548 apnd
439 3484 569 3546 postem
588 3477 693 3546 vigeat,
719 3485 761 3531 te·
803 3477 861 3531 nisi
878 3477 942 3544 sint,
962 3479 1012 3547 qai
1027 3481 1210 3549 contradant,
1228 3479 1371 3536 tumidem

198 3573 260 3609 men
283 3556 357 3609 veltet
381 3555 501 3623 inglorii
522 3562 549 3608 et
571 3555 705 3623 ignotius
731 3554 759 3608 in
803 3555 936 3609 Horatius
961 3563 992 3608 ut
1011 3564 1097 3625 poeta
1118 3557 1233 3628 egregie
1254 3566 1372 3614 exornat

198 3634 316 3688 obscuro
339 3633 441 3698 latent,
470 3631 538 3702 qnia
553 3633 643 3698 fama
667 3649 760 3686 renent
804 3633 856 3686 Od.
875 3629 924 3696 IV,
944 3638 968 3699 9,
990 3637 1032 3688 25.

474 3715 573 3771 Vicere
582 3718 679 3784 sortes
696 3727 759 3772 onte
781 3719 992 3788 Agamemnona

464 3793 560 3861 Metti,
578 3795 642 3848 aed
659 3811 776 3850 omnes
794 3795 1083 3850 illacrimobilee

541 3871 719 3940 Urgentnr
735 3873 921 3943 ignotique
940 3873 1048 3942 lonpa

573 3951 699 4018 Nocte,
720 3958 842 4005 carent
858 3950 943 4020 qaia
960 3959 1040 4004 oute
1057 3967 1168 4004 onero.

579 4207 996 4230 -—·-—-—-—f----·-—.·-
