3067 4867
174 275 236 364 126
586 275 772 335 oosnamr
793 273 922 336 ruem

174 465 288 555 procul
310 477 409 547 tecta,
431 488 527 534 nemo
550 467 811 555 exploratoribus
835 467 960 538 obvius.
1006 467 1137 552 Quibus
1159 469 1194 534 in
1217 483 1370 536 omnemt

174 589 298 664 purtem
331 577 489 658 dimissis,
526 575 583 643 ubi
614 579 739 644 incerta
769 577 868 665 fugae
899 579 1038 664 vestigia
1070 601 1178 666 neque
1207 602 1346 667 usquam

174 688 364 775 conglobari
396 689 507 756 hostes
534 698 749 776 compertum,
783 700 814 755 et
844 699 957 756 exacta
984 689 1048 772 iarn
1078 700 1202 754 aestate
1233 691 1344 777 spargi

173 799 294 866 bellum
315 799 487 886 nequibat,
517 799 551 864 in
572 799 653 866 fines
674 801 886 866 Borestorum
911 799 1086 866 exercitum
1108 798 1248 864 deducit
1292 799 1369 868 Ibit

174 909 317 998 acceptis
352 909 538 986 obsidibus,
575 910 739 997 praefecto
773 909 885 976 classis
919 910 1113 976 circumvehi
1143 911 1344 976 Britanniam

175 1020 342 1110 praecipit.
390 1021 497 1088 Datae
529 1018 571 1086 ad
604 1020 639 1086 id
667 1021 769 1099 vires,
803 1032 836 1086 et
864 1032 1085 1109 praecesserat
1111 1029 1222 1087 terror.
1266 1022 1371 1107 Ipscu

174 1130 317 1219 peditem
350 1140 449 1220 atque
482 1131 607 1218 equites
635 1132 723 1198 lento
752 1131 884 1209 itinere,
918 1155 983 1217 quo
1013 1152 1169 1196 novarum
1199 1131 1346 1217 gentium

175 1241 272 1309 animi
294 1242 369 1328 ipsa
394 1242 548 1308 transitus
570 1263 661 1308 mora
688 1253 896 1320 terrerentur,
929 1242 962 1306 in
985 1240 1127 1307 hibernis
1149 1241 1282 1317 locavit3
1314 1253 1347 1306 et

174 1352 269 1418 simul
289 1353 404 1419 classis
427 1352 570 1418 secunda
591 1363 782 1440 tempestate
803 1373 841 1416 ae
862 1351 948 1418 sema
970 1351 1196 1416 Trutulensem
1217 1361 1345 1438 portum

173 1463 294 1540 tenuit,
317 1463 403 1529 unde
425 1464 575 1550 proximo
598 1462 786 1528 Britanniae
807 1461 905 1528 latere
925 1462 1009 1526 lecto
1033 1462 1121 1526 omni
1144 1460 1292 1528 redierat.
1331 1451 1334 1458 ⁴

258 1574 431 1641 xxxix.
460 1575 559 1640 Hunc
579 1596 684 1639 rerum
700 1595 839 1649 cursum,
863 1594 1060 1660 quamquam
1074 1573 1162 1638 nulla
1176 1570 1346 1636 verborum

174 1760 265 1818 suerit.
306 1761 339 1816 In
360 1761 473 1815 aceruis
496 1759 626 1828 quonium
650 1761 738 1816 homi·
781 1767 888 1823 turum,
907 1775 940 1814 ae
958 1760 1082 1813 nondum
1101 1755 1281 1824 domitarum
1311 1758 1345 1814 ef.

173 1854 223 1892 nes
261 1837 366 1892 versari
394 1856 450 1892 non
479 1838 586 1907 solent,
623 1838 738 1894 Tacitus
782 1853 805 1892 c.
824 1842 871 1899 20,
891 1841 913 1891 3.

173 1914 307 1969 audacius
322 1925 488 1970 secretos
505 1916 591 1971 eolles
603 1917 674 1971 dixit
686 1933 738 1988 pro
808 1930 910 2000 fama]
939 1947 978 1983 ω,
1008 1927 1195 2000 expeditionis
1227 1928 1346 1984 feliciter

174 1993 291 2045 desertis
319 2001 401 2062 atque
430 1994 525 2048 υαοιιίε
549 1994 653 2058 (Germ.
678 2012 738 2048 oer-
780 2015 921 2079 peractae,

173 2072 309 2137 ummo·
818 2100 1018 2168 Protuleueeml
1048 2101 1111 2156 var.
1130 2106 1159 2153 Γ.
1180 2099 1345 2153 Trucculen-

208 2169 235 2252 1¹⁰.
270 2164 301 2216 ἸΙ
335 2179 440 2217 ‘mmm
465 2172 577 2233 1²<in
600 2163 736 2232 dimimi]
781 2195 853 2246 sem,
877 2178 905 2232 in
929 2177 1053 2247 margine
1081 2178 1291 2248 Protulemom5
1313 2183 1345 2232 A.

174 2239 305 2294 Mrlrtaris
324 2238 409 2295 dictio
428 2249 483 2304 est,
500 2244 536 2295 de
557 2259 613 2311 qua
631 2241 737 2310 egimus
784 2257 933 2310 Tmpulem
971 2263 1025 2319 αἱ,
1067 2273 1123 2326 quo
1167 2255 1347 2308 confirmatur

174 2320 210 2371 {id
227 2317 327 2373 Vellei.
344 2318 386 2382 ΙΙ,
405 2325 451 2383 52,
472 2325 495 2374 4.
515 2337 542 2388 p-
558 2322 617 2376 288
782 2334 920 2403 scriptura
938 2350 989 2404 pop
1008 2341 1027 2386 t,

207 2413 316 2482 spurga]
343 2411 361 2469 i.
385 2429 409 2468 e.
433 2413 523 2466 diruo
546 2414 669 2467 accercito
690 2432 739 2467 ou·
812 2419 927 2480 portum
952 2410 1045 2476 tenuit]
1071 2409 1089 2462 i.
1108 2425 1133 2463 e.
1158 2408 1186 2463 in
1205 2416 1286 2480 portu
1306 2408 1348 2463 hi·

173 2491 227 2544 riis
254 2490 324 2544 toris
345 2491 430 2544 simul
451 2492 526 2559 peri,
551 2509 588 2545 se.
612 2490 640 2544 in
665 2508 738 2562 quae
783 2487 919 2542 burnendi
939 2504 1036 2540 caussa
1057 2487 1230 2543 versabatur.

175 2569 239 2623 ioca
257 2571 352 2622 hostes
372 2567 490 2637 dispersi
514 2587 545 2624 se
563 2578 738 2640 receperant,
815 2567 890 2618 uude
903 2565 1036 2635 proximo
1053 2591 1088 2606 —·
1105 2564 1240 2632 redierat]
1270 2564 1348 2618 Unde

174 2655 204 2699 et
229 2645 278 2699 obi
304 2646 457 2717 quaerendi
482 2656 574 2715 erant3
604 2648 640 2702 cs.
664 2649 738 2703 Anu.
782 2660 840 2697 non
865 2646 987 2714 pertinet
1013 2643 1050 2695 ad
1072 2641 1211 2708 redierat,
1238 2643 1289 2696 sed
1311 2641 1348 2694 ed

175 2723 226 2791 111,
244 2729 286 2791 21,
305 2729 330 2778 ³.
357 2725 533 2790 Tacfarinas
547 2755 582 2766 -
598 2727 740 2794 spurpit
782 2721 870 2789 tacta·
896 2717 1063 2774 attractione
1080 2717 1153 2772 enim
1171 2719 1243 2773 duae
1262 2735 1348 2774 enun-

174 2800 321 2867 bellum,
340 2801 389 2854 udi
404 2803 557 2856 instaretur
574 2804 687 2870 cedem,
705 2821 740 2856 uc
782 2796 913 2853 tiationes
949 2797 990 2851 ita
1026 2797 1159 2851 confusae
1195 2804 1276 2858 sunt,
1317 2805 1348 2848 ut

173 2895 285 2930 rursum
302 2879 332 2930 iu
351 2886 428 2946 torpa
446 2896 580 2933 remeans.
782 2874 885 2929 omisso
907 2890 961 2943 quo
978 2873 1109 2940 relativo,
1130 2875 1286 2944 quodcum
1304 2888 1347 2925 re·

210 2974 403 3039 Boi-morum]
423 2973 465 3026 Ita
478 2972 539 3028 Vnt.
553 2979 582 3027 Γ,
594 2978 627 3030 Δ,
648 2973 738 3043 vulgo
783 2952 877 3006 dierat
897 2951 1123 3021 coniungendam
1144 2958 1194 3016 est,
1212 2949 1271 3005 eins
1285 2950 1347 3004 loeo

175 3050 372 3116 florenorum,
407 3067 442 3103 ex
472 3051 619 3105 puteolani
651 3058 740 3105 muta,
783 3030 864 3097 iude,
895 3031 929 3082 ad
960 3029 1151 3101 interpositam
1181 3026 1360 3102 enuntiatio-A

173 3124 258 3180 tione,
785 3106 1032 3184 nem'pertinens,
1060 3105 1205 3161 relativum
1230 3107 1347 3160 formum

702 3221 734 3274 cf
784 3183 912 3238 induerit
967 3184 1057 3238 Plena
1093 3183 1183 3273 igitur·
1212 3190 1347 3272 sanctur-a

731 3262 738 3277 ⁹
784 3264 855 3315 haee
872 3268 927 3315 est:
956 3277 1048 3331 ,‚quo‚
1067 3278 1152 3332 quum
1170 3262 1236 3314 tude
1254 3277 1348 3331 prom·

302 3391 308 3404 ,
332 3391 339 3404 ,
783 3355 857 3392 mum
877 3338 948 3392 Brit.
968 3339 1038 3393 lutus
1056 3355 1137 3391 omne
1157 3338 1281 3406 legisset,
1305 3354 1348 3391 re·

205 3389 359 3461 praeapte]
388 3390 430 3445 Ita
451 3390 515 3448 var.
535 3397 564 3447 Γ.
580 3398 614 3447 Δ.
645 3392 739 3462 Vulgo
783 3416 900 3471 dieraco

171 3469 318 3540 P'WPii
334 3485 370 3522 ⁶¹
387 3469 497 3524 P⁰¹⁰⁰L
516 3469 677 3525 mmmm·
818 3493 989 3547 Brituuut'ue
1008 3491 1095 3544 latere
1113 3492 1193 3560 lecto]
1224 3491 1265 3545 Ita
1287 3490 1347 3547 vat.

209 3566 307 3618 Dutoe
332 3563 375 3616 od
399 3564 432 3616 ut
454 3564 528 3618 vireo
557 3565 623 3635 etc]
654 3565 740 3618 Addit
784 3578 813 3626 Γ.
830 3576 863 3626 A.
895 3569 989 3640 Vulgo
1009 3569 1097 3622 lutere
1114 3569 1189 3623 Brit.
1209 3569 1293 3635 lecto,
1313 3587 1347 3622 ox

175 3644 246 3696 haec
265 3639 393 3708 Tacitus,
420 3659 476 3710 quo
500 3650 610 3712 pateat,
637 3641 739 3713 quibus
783 3646 931 3704 Puteolani
962 3646 1122 3700 mutatione.
1162 3645 1348 3715 Intelligenua

174 3720 260 3772 rebus
283 3735 347 3788 spes
367 3717 407 3771 rei
428 3720 499 3772 bene
518 3721 659 3787 gerendae
681 3719 740 3773 nisa
784 3735 848 3780 sunt
878 3727 947 3779 haec
980 3725 1067 3778 verba
1098 3726 1133 3777 ile
1167 3722 1349 3778 circumivi.

175 3795 268 3852 fuerit.
311 3795 426 3850 Plenior
456 3797 593 3851 sententie
623 3805 677 3850 est:
712 3805 740 3850 et
784 3803 896 3873 gatione
933 3800 1112 3865 Britanniae,
1150 3818 1233 3871 quum
1264 3818 1348 3870 quum

174 3871 241 3930 setis
265 3873 368 3928 idonea
391 3873 433 3927 vis
457 3873 575 3929 militum
595 3875 739 3946 praefecto
785 3879 920 3950 inciperet
945 3887 1046 3933 exacta
1068 3885 1172 3932 aestate
1198 3877 1308 3941 classis,
1332 3896 1349 3930 e

176 3950 307 4021 permissa
329 3959 371 4005 est
394 3955 431 4006 ed
455 3954 550 4006 hostes
576 3954 740 4016 domandos,
783 3957 943 4012 Trutulenei
966 3965 1048 4027 portu
1071 3972 1220 4027 progressu
1240 3964 1294 4020 est,
1320 3964 1349 4008 ut

176 4036 206 4083 et
227 4027 267 4083 illi
294 4027 347 4082 iam
373 4031 446 4084 fama
469 4028 560 4085 territi
582 4038 677 4094 orani,
705 4047 740 4082 ne
785 4053 818 4090 eu
841 4035 969 4104 perfecte
993 4033 1077 4088 salvis
1106 4033 1223 4088 nuribus
1251 4036 1348 4088 eodem

177 4114 275 4163 contra
292 4104 454 4162 m'terentur.
784 4112 875 4168 rediit.

210 4206 236 4256 6.
261 4200 327 4270 qno]
359 4201 423 4255 Non
444 4208 485 4254 est
505 4201 666 4268 relativum,
690 4202 742 4253 ted
819 4206 955 4260 XXXIX.
977 4211 998 4260 1.
1018 4222 1111 4260 rerum
1130 4206 1249 4272 munem]
1273 4205 1349 4267 Quo·

173 4278 340 4333 'adverbium
357 4298 390 4326 =
407 4287 445 4332 ut.
786 4284 858 4338 nium
878 4286 904 4336 in
924 4301 1005 4336 cursu
1025 4300 1080 4336 nou
1099 4281 1268 4350 subsistitur,
1290 4301 1350 4336 ver·

210 4365 355 4439 uovorum]
384 4363 403 4423 i.
423 4381 445 4423 a
472 4371 556 4423 untea
571 4381 627 4424 non
646 4363 741 4441 cogni-
785 4363 883 4430 borum
909 4378 1007 4426 sensus
1033 4367 1092 4424 estr
1120 4361 1171 4414 has
1194 4376 1238 4418 ree
1261 4359 1350 4420 couti·

209 3227 235 3276 5.
268 3220 435 3274 circumuehi
456 3252 487 3260 -
514 3221 670 3292 praecepit]

176 3315 199 3355 c.
220 3302 265 3367 10,
283 3303 307 3353 4.
