3067 4867
508 1519 968 1608 PRAEFATIO.

235 1932 344 2047 Taciti
371 1981 411 2045 de
441 1977 617 2047 Germania
645 1977 790 2043 libellum
816 1999 890 2042 eum
920 1998 1007 2052 esse,
1038 1977 1095 2060 qui
1124 1997 1192 2039 non
1221 1973 1326 2038 solum

154 2093 325 2159 commode
345 2094 380 2156 in
400 2089 519 2155 scholis
542 2088 608 2173 legi
628 2088 743 2174 possit,
766 2088 824 2153 sed
848 2109 943 2172 quem
962 2107 1029 2150 non
1050 2085 1172 2170 legisse
1191 2106 1325 2148 maneae

152 2215 250 2287 atque
270 2201 478 2287 imperfectae
499 2198 711 2262 institutionis
734 2205 961 2283 argumentum
990 2197 1047 2274 sit,
1076 2197 1131 2259 vix
1153 2195 1325 2280 quisquam

152 2314 257 2389 inerit,
278 2311 338 2396 qui'
357 2332 475 2395 negare
497 2308 624 2372 audeat.
666 2307 752 2372 Nam
772 2330 857 2392 quae
878 2307 912 2370 in
934 2305 1047 2372 ceteris
1064 2305 1172 2371 Taciti
1195 2305 1324 2392 scriptis

153 2422 342 2509 praelucent
355 2421 500 2494 virtutes,
524 2439 667 2482 summus
682 2416 765 2494 veri,
788 2418 868 2482 recti
889 2417 1083 2502 honestique
1103 2437 1228 2493 sensus,
1252 2437 1325 2481 aere

153 2531 387 2617 subactumque
408 2527 575 2605 iudicium,
597 2549 704 2592 rerum
725 2528 866 2593 civilium
882 2551 920 2593 ao
935 2527 1121 2610 militarium
1140 2527 1324 2612 intelligen-

151 2642 208 2718 tia,
229 2641 355 2727 ingenii
376 2640 508 2704 hnmani
523 2637 679 2724 cognitio,
702 2638 744 2702 ad
766 2639 829 2705 hoc
852 2659 988 2705 nervosa
1007 2638 1161 2702 orationis
1186 2637 1325 2703 brevitas

153 2773 192 2816 ao
212 2751 385 2837 singularis
411 2750 517 2814 arsin
540 2748 639 2813 rebus
660 2749 844 2834 potioribus
868 2749 1066 2835 deligendis,
1088 2747 1324 2834 componendis

153 2874 251 2945 atque
279 2859 498 2935 illustrandis,
528 2881 568 2924 ea
596 2860 691 2923 etiam
719 2861 754 2924 in
779 2860 955 2926 Germania
977 2859 1184 2944 reperiuntur
1207 2859 1326 2926 omnia.

151 2970 239 3035 Illud
267 2993 343 3036 vero
373 2971 527 3034 eximium
557 2978 591 3033 et
620 2990 753 3055 prorsus
784 2969 965 3056 singulare,
995 2969 1085 3055 quod
1116 2968 1168 3033 hio
1197 2968 1325 3034 libellus

150 3081 266 3144 unicus
294 3080 388 3165 isque
415 3078 713 3165 praestantissimus
739 3080 813 3144 lons
844 3090 893 3144 est
922 3079 1166 3164 antiquissimae
1194 3089 1326 3145 nostrae

152 3191 258 3276 gentis
277 3188 463 3266 memoriae,
486 3188 665 3275 primordia
684 3190 905 3254 institutorum
926 3189 1211 3267 Germanicorum,
1243 3211 1326 3274 quae

152 3312 269 3386 postea
286 3298 499 3376 invaluerunt,
520 3299 694 3363 ostendens
713 3311 811 3384 atque
826 3300 1005 3386 explicans,
1025 3321 1163 3386 quorum
1182 3299 1327 3386 cognitio

151 3421 188 3473 ut
210 3421 260 3474 est
280 3407 515 3474 iucundissima
537 3408 729 3494 animosque
749 3409 927 3495 legentium
948 3409 1030 3474 mira
1050 3430 1157 3475 rerum
1175 3410 1326 3476 varietate

152 3517 308 3596 delectat,
342 3519 389 3582 ita
415 3519 589 3605 plurimum
618 3517 715 3585 habet
742 3519 890 3584 utilitatis
920 3520 963 3584 ad
996 3521 1134 3607 patriam
1160 3521 1326 3588 historiam

151 3629 270 3693 rectius
292 3628 545 3714 intelligendam.
586 3629 704 3711 Quare
724 3651 825 3714 quum
844 3629 968 3694 nullum
992 3642 1097 3696 exstet
1118 3653 1159 3696 ex
1178 3632 1328 3696 universa

151 3737 343 3822 antiquitate
357 3748 615 3815 monumentum,
637 3740 728 3824 quod
745 3740 852 3825 magis
875 3740 916 3804 ad
938 3761 999 3805 nos
1021 3741 1179 3827 pertineat
1199 3751 1324 3809 nostra·

152 3867 217 3931 que
248 3847 436 3932 cognitione
466 3848 602 3934 dignius
636 3849 694 3926 sit,
727 3850 799 3915 iure
832 3851 1015 3916 contendas
1045 3851 1255 3918 Germaniam
1287 3853 1328 3918 ab

152 3957 301 4023 omnibus
323 3957 391 4042 legi
416 3957 611 4042 penitusque
636 3958 758 4023 hauriri
789 3960 917 4038 debere,
945 3961 1007 4048 qui
1032 3961 1066 4026 in
1087 3963 1267 4048 gymnasiis
1287 3965 1329 4030 ad

150 4055 360 4131 liumanitatis
388 4067 495 4134 studia
517 4067 738 4135 informantur.
786 4070 855 4136 Sed
877 4081 933 4135 aut
958 4071 1066 4148 fallor,
1095 4083 1240 4139 autnon
1262 4085 1328 4140 tam

153 4175 305 4262 frequens
322 4186 371 4241 est
382 4178 649 4262 praestantissimi
663 4178 764 4243 libelli
782 4177 816 4243 in
829 4180 948 4246 scholis
964 4181 1084 4247 nostris
1099 4182 1208 4260 lectio,
1221 4205 1325 4269 quan-

151 4294 221 4350 tum
242 4287 312 4350 eius
337 4286 476 4372 pretium
500 4301 640 4353 meretur
663 4299 760 4374 atque
785 4289 936 4376 postulat.
999 4289 1085 4356 Nam
1111 4305 1267 4378 quantum
1296 4319 1337 4361 ex

152 4395 315 4470 indicibus
337 4395 519 4464 scholarum
541 4398 680 4486 singulis
701 4399 795 4465 annis
816 4399 952 4488 ubique
974 4400 1155 4470 habitarum
1174 4405 1334 4474 coniicere
