3067 4867
201 282 245 351 se
619 283 950 343 consentianum

202 471 271 538 init.
321 471 547 561 erruntque
576 474 658 539 'mire
682 474 859 552 concordia
891 498 951 563 per
974 485 1118 541 mutuam
1148 474 1315 544 ceritatem
1343 487 1400 545 ett

203 582 340 651 invicem
362 604 398 649 se
423 584 672 672 anteponendo,
701 584 763 650 nisi
786 586 884 671 ‘quod
903 587 938 650 in
958 585 1048 651 bona
1070 608 1172 652 uxore
1194 598 1283 653 tanto
1303 610 1379 652 ma«

204 692 254 757 ior
282 693 371 773 laus,
400 706 522 779 quanto
553 696 587 760 in
619 695 704 775 mala
731 696 806 783 plus
831 696 950 785 culpae
971 707 1030 761 eet
1077 698 1158 765 Sors
1185 708 1401 783 quaesturaes

204 804 404 891 provinciam
440 806 576 883 Asiam,
620 805 849 892 proconsulem
893 807 1036 875 Salvium
1074 807 1241 873 Titianum
1276 806 1374 874 dedit.

206 914 355 997 Quorum
383 926 498 983 neutro
530 900 701 1003 corruptus
725 927 791 995 est,
818 939 1012 1003 quemquam
1043 928 1074 982 et
1095 918 1262 1005 provincia
1284 918 1375 983 dives

205 1046 244 1091 ac
280 1035 395 1112 parata
427 1025 657 1113 peccantibus,
692 1038 723 1092 et
756 1026 932 1115 proconsul
962 1030 996 1094 iu
1029 1050 1157 1096 omnem
1189 1027 1375 1095 aviditatem
1403 1090 1407 1096 .

233 1208 323 1265 ‘cem
339 1230 375 1267 co
388 1210 477 1267 roden
485 1214 559 1282 fuit]
574 1213 591 1267 i.
600 1231 624 1269 e.
634 1221 663 1268 et
673 1213 767 1285 splen·
810 1222 842 1268 ut
857 1216 983 1270 modeste
1006 1216 1125 1279 moeret,
1147 1216 1259 1269 laudem
1277 1213 1376 1269 tectius

203 1290 300 1345 dorem
319 1290 412 1345 attulit
431 1298 459 1345 et
476 1289 580 1346 maiora
599 1294 767 1345 edbonores
810 1293 934 1361 generali
963 1291 1121 1347 sententiae
1145 1291 1264 1346 inclusit
1281 1323 1315 1336 -
1333 1292 1377 1346 De

203 1365 397 1437 adipiscendos
408 1367 585 1424 adminicula.
604 1372 768 1423 Decuscer·
810 1370 868 1423 aiei
884 1373 961 1439 quod
976 1368 1121 1442 particulis
1139 1386 1201 1424 cum
1218 1368 1308 1439 ellipsi
1326 1386 1376 1439 po·

204 1444 324 1498 uebatur
347 1445 376 1498 in
403 1461 454 1513 eo,
481 1449 557 1516 qnod
578 1464 630 1519 per
650 1462 767 1499 uxorem
811 1446 887 1508 sitis,
912 1446 1012 1516 quibus
1031 1446 1159 1517 superior
1176 1446 1313 1501 sententia
1331 1463 1376 1499 co-

204 1520 338 1574 illustrem
357 1522 439 1576 claris
457 1524 584 1577 domibus
601 1524 719 1577 innexus
739 1531 766 1575 et
809 1525 943 1593 pisatione
960 1526 1096 1577 addendo
1120 1526 1312 1587 confirmetur,
1338 1522 1376 1575 ita

205 1598 263 1667 ipse
272 1597 424 1669 incipiebat
433 1616 493 1655 ease
502 1600 666 1655 condicione
676 1600 767 1671 splen·
811 1610 918 1665 tamen,
940 1610 971 1654 ut
991 1600 1071 1654 simul
1089 1600 1198 1672 aliquid
1217 1600 1283 1654 inde
1301 1598 1376 1652 exci-

205 1674 328 1738 didiore;
346 1678 432 1730 robur
450 1677 568 1747 positum
586 1678 614 1731 in
628 1695 671 1741 eo,
692 1678 767 1746 quod
810 1679 911 1750 piatur,
925 1679 960 1732 ci.
972 1678 1044 1735 Anu.
1058 1678 1079 1746 l,
1098 1683 1140 1742 33,
1153 1683 1177 1733 3.
1204 1678 1297 1747 Atque
1310 1677 1376 1746 ipsc

204 1768 367 1821 magnarum
384 1754 549 1808 affinitatum
567 1755 657 1825 gretia
676 1763 705 1807 et
718 1771 767 1824 po·
811 1756 973 1825 Aqrsppinc
985 1756 1077 1825 poulo
1096 1756 1257 1808 omnmotios·
1274 1754 1378 1823 (quod

204 1830 292 1884 tentia
316 1828 477 1885 sublevatus
500 1832 654 1887 faciliorem
673 1832 769 1885 nanci·
810 1850 893 1886 runc
911 1834 948 1886 iu
963 1833 1052 1887 uitio
1065 1831 1298 1902 ponendum),
1320 1830 1379 1883 aiei

204 1909 336 1961 scebctar
360 1911 396 1963 ad
420 1911 540 1963 honores
563 1909 678 1964 aditum.
718 1908 769 1963 Ce·
811 1910 887 1973 (icc
912 1910 1040 1962 citium
1073 1910 1190 1963 iccius
1222 1909 1376 1975 cicietur)

204 1990 294 2038 lerum
317 1987 387 2039 baec
411 2002 466 2039 non
490 1984 564 2043 diota
584 1994 649 2039 aunt
665 1986 693 2043 iu
712 1985 769 2040 Do·
812 1988 889 2058 quood
899 1987 1273 2041 costitutsstmcet'tiomore
1282 2002 1377 2054 qascm·

205 2060 299 2117 initiae
315 2060 402 2131 ipsius
420 2062 546 2128 laudern,
571 2064 621 2117 sed
640 2065 675 2117 ad
694 2064 769 2117 cele·
810 2065 855 2117 osb
882 2064 1046 2118 indomitum
1074 2064 1198 2118 animum
1223 2063 1254 2116 ist
1278 2064 1377 2115 bonum

204 2136 338 2192 brendam
363 2139 423 2193 eiua
449 2138 582 2203 familiae
607 2139 769 2210 dignitatem
810 2142 939 2195 canebat
974 2140 1058 2205 XIV,
1076 2146 1122 2205 14,
1147 2147 1170 2195 5.
1198 2141 1277 2195 Nero
1297 2146 1377 2192 notor

205 2222 234 2269 et
252 2215 437 2286 splendorem.
812 2234 921 2288 quom
931 2219 1035 2287 esraitae
1046 2219 1191 2272 Romame
1200 2234 1302 2287 operae
1314 2233 1377 2269 orc-

241 2313 265 2363 2.
286 2326 340 2378 per
360 2318 484 2364 mutuom
506 2340 539 2350 -
565 2311 767 2380 anteponendo]
812 2312 866 2385 ”5⁸⁶
880 2296 1044 2365 P'0m5im0
1059 2295 1165 2362 “W
1182 2294 1265 2347 dmi
1281 2294 1376 2383 ‘stiffi’

205 2384 269 2441 Vst.
287 2390 320 2440 Δ.
346 2388 511 2457 appetendo.
546 2388 710 2458 Explicatur
729 2386 770 2439 bis
812 2374 883 2426 iim
909 2373 1016 2441 (iim
1042 2378 1073 2425 ‘³‘
1102 2378 1317 2461 ‘sni’mwfl
1337 2378 1377 2461 ,θ’

204 2462 313 2527 verbis,
338 2464 438 2533 quibus
464 2467 550 2519 rebus
569 2466 770 2519 miraconcor·
813 2449 999 2518 ‘stilibi‘
1022 2448 1258 2516 si⁰i²i⁸⁰⁸²¹m
1274 2450 1377 2516 scit),

204 2540 255 2593 dia
274 2541 375 2595 effect„
393 2541 437 2596 sit,
810 2526 868 2580 aiei
884 2525 1253 2596 (equitumsiaqitiom
1263 2526 1378 2579 minue

207 2632 210 2661 7
237 2626 295 2679 nisi
305 2628 535 2697 quod-cubico
549 2628 598 2695 est]
619 2626 687 2680 Loci
699 2627 769 2680 mul·
810 2621 974 2694 minum
993 2603 1054 2670 εἰ)
1073 2604 1272 2693 iwd‚m⁶'⁶⁶⁸
1287 2602 1378 2691 ⁰9⁰⁰)

203 2709 261 2757 turn
279 2704 315 2757 ab
334 2704 487 2759 editoribus
500 2704 600 2757 tentati
613 2703 769 2759 obscuritas
810 2699 860 2751 Ψ
884 2682 978 2734 'uber‘
998 2688 1104 2751 ΡΜ)
1128 2698 1184 2735 ”ml
1208 2687 1378 2736 ”emm

203 2779 288 2833 nimii
305 2781 528 2852 breviloquentia
547 2788 669 2850 constat,
687 2798 769 2852 prae·
810 2760 901 2828 afferi·

204 2863 248 2911 tet·
269 2858 378 2912 solitam
403 2860 430 2913 in
454 2858 597 2930 particulis
619 2860 677 2912 atei
693 2861 771 2929 qrtod
847 2864 872 2914 3.
901 2859 1196 2930 Sorsqssucstruoc-
1213 2857 1304 2928 dedit]
1318 2857 1335 2913 ἰ.
1350 2874 1375 2912 e.

205 2934 315 3005 ellipsin
334 2935 417 2989 etiam
435 2935 469 2990 iis
488 2936 646 3000 sententiis,
667 2937 769 3006 quibua
812 2945 945 3008 quaestor
966 2938 1056 2991 factus
1083 2945 1157 2991 corte
1179 2935 1273 2991 Asiam
1297 2952 1377 3006 pror.

203 3014 389 3067 membrorum
405 3025 493 3067 nexus
512 3012 667 3076 conficitur,
688 3014 771 3068 omis·
813 3014 936 3081 obticuit,
954 3014 1005 3067 sibi
1022 3012 1096 3067 Salv.
1109 3013 1234 3068 Titianus
1247 3029 1376 3084 procons.

204 3089 249 3143 sis.
282 3090 390 3157 Quibus
409 3095 486 3145 recte
504 3089 639 3161 suppletis
651 3090 697 3145 bic
708 3108 771 3145 sen·
806 3092 878 3159 ficit.
909 3090 1021 3162 Quippe
1036 3093 1113 3163 quod
1125 3091 1286 3145 attributum
1299 3089 1376 3144 verbi

204 3166 771 3240 sospesquamcommodusproditwine-
813 3184 874 3223 esse
899 3168 1036 3232 debebat,
1060 3169 1089 3223 in
1111 3168 1260 3221 εοῠίοοοοηι
1281 3166 1378 3231 cessit3

202 3252 319 3314 ruraque
337 3246 769 3314 mircconcordicpermutuum
814 3246 849 3299 cf.
867 3262 890 3300 c.
906 3251 930 3309 t,
952 3251 974 3300 t.
1002 3250 1044 3309 22,
1067 3251 1091 3300 t.
1124 3250 1166 3308 30,
1184 3248 1208 3299 3.
1238 3248 1319 3303 37,7.

204 3323 350 3377 caritatem
364 3331 390 3377 et
406 3324 769 3393 invicemeecntcponcndo
847 3323 974 3378 &icium
1004 3322 1156 3390 Titianum]
1188 3320 1304 3375 Plenum
1328 3336 1378 3372 no-

205 3402 578 3469 (ctamdipuomcaeet,
595 3400 768 3470 uicrpiua
811 3417 875 3454 men
898 3407 941 3453 est
962 3403 995 3454 L.
1016 3399 1131 3454 &lotias
1149 3398 1220 3452 Otito
1240 3398 1377 3470 Titianae.

204 3479 385 3545 conscrret
404 3478 451 3531 cd
467 3478 767 3546 eociupiifelici·
810 3478 875 3531 Fuit
885 3476 1061 3548 imperatoris
1076 3475 1195 3530 Othonis
1208 3476 1296 3529 irater
1309 3470 1376 3553 tiata

204 3558 327 3622 tatem),
342 3554 400 3607 aas
418 3556 608 3620 (Domitiae
623 3563 767 3625 propte·
810 3554 913 3622 maior3
933 3573 959 3607 v.
981 3555 1099 3609 Sueten.
1112 3552 1198 3608 Otho.
1228 3569 1251 3606 c
1267 3557 1290 3613 1.
1308 3553 1377 3606 ettr.

202 3648 265 3685 rea
279 3630 767 3701 priorceslefercodneeunt)
814 3632 883 3687 Tac.
905 3632 976 3685 Hist.
993 3632 1017 3695 Ι,
1036 3637 1078 3694 to,
1096 3636 1120 3685 2.
1148 3636 1191 3694 77,
1209 3635 1233 3686 2.

203 3710 281 3777 cuod
303 3710 413 3778 (qaum
437 3710 543 3763 ionae
568 3726 696 3763 ocor-ca
712 3727 771 3763 ro·
843 3711 952 3778 metro]
978 3708 1126 3762 Ablativus
1151 3716 1250 3763 neutro
1274 3723 1378 3777 genere

203 3786 373 3840 sissimus
408 3787 490 3851 sint)
522 3787 553 3840 in
580 3787 655 3840 borio
684 3804 771 3841 iecore
812 3786 937 3859 positus,
960 3786 1027 3859 quia
1044 3783 1155 3839 Salvius
1172 3784 1202 3839 in
1218 3785 1299 3838 redas
1316 3801 1378 3837 cor·

203 3870 281 3916 muto
298 3864 391 3917 tucior
409 3864 474 3917 laus
489 3864 666 3932 (coniuyii
674 3865 770 3931 feli·
811 3864 1007 3935 rumpentibus
1027 3870 1164 3918 censetur.

203 3940 298 3993 cites·
314 3942 414 4009 acts),
441 3949 544 4011 quanto
562 3942 591 3995 ia
610 3942 770 4013 moloplua
843 3959 924 4013 pron.
945 3942 1034 4013 άίυοο]
1060 3957 1100 3997 ιο.
1124 3946 1199 3994 met.
1224 3965 1258 3978 -·
1283 3937 1328 3992 De
1346 3955 1378 3992 re

204 4018 304 4089 culpae
316 4026 355 4073 eet
368 4020 415 4088 (oi
430 4019 629 4087 cociuqium
642 4037 769 4090 porum
812 4021 847 4077 ci.
866 4019 926 4076 Cic.
944 4019 1015 4090 Epp.
1035 4020 1072 4073 ad
1088 4017 1126 4081 Q.
1143 4017 1189 4072 Fr.
1206 4016 1229 4079 1,
1246 4022 1269 4072 1.
1288 4017 1378 4070 Prac-

197 4094 378 4164 feliciter
409 4097 530 4163 cedit).
579 4096 769 4169 inpromptu
811 4098 921 4151 ciceron
955 4103 995 4149 cst
1027 4113 1134 4150 summo
1162 4112 1224 4149 eum
1259 4092 1378 4162 imperio

204 4182 246 4228 est
269 4171 397 4227 Tacitu-
426 4176 478 4227 bac
504 4173 701 4229 observatione
725 4192 769 4229 so·
804 4175 901 4243 judae
915 4173 1030 4227 iuAaic
1049 4172 1198 4228 triennium
1208 4171 1259 4236 sic,
1276 4170 1379 4225 maal-

205 4250 265 4309 ot'ui
297 4250 438 4306 etiamtum
466 4251 571 4305 viventi
604 4252 655 4321 (ci.
682 4270 705 4307 ο.
727 4258 770 4317 44,
813 4253 870 4306 tum
888 4258 915 4305 te
933 4251 1055 4321 eipaum,
1074 4251 1156 4305 nullu
1169 4250 1299 4321 pictura,
1315 4248 1379 4302 nati

203 4337 228 4390 4.
255 4335 297 4395 46,
311 4332 348 4399 3.)
360 4328 511 4401 gratificari
523 4329 664 4387 voluisse..
685 4330 772 4400 Quod
813 4330 871 4387 ieta
886 4327 1284 4400 immitissimorum
1299 4344 1378 4380 mort·
