3067 4867
351 305 403 361 Du
424 304 556 361 TACITI
577 303 694 369 VITA,¹
708 304 872 361 modulo
891 303 944 359 Ao
959 304 1142 362 MORIBUS.
1311 306 1332 373 7

160 516 223 579 qne
243 501 352 558 tamen
375 516 473 559 unam
495 494 635 578 aliquam
658 494 838 559 doctrinam
858 495 905 557 ita
926 494 1094 580 amplexus
1117 504 1178 572 est,
1201 504 1238 558 ut
1258 515 1329 559 eam

159 604 287 668 unicam
313 605 404 687 quasi
427 624 572 669 normam
594 605 679 669 vitae
701 606 821 669 laceret
828 628 837 679 3
871 604 928 671 sed
950 606 1083 669 modum
1105 626 1146 669 ex
1168 605 1329 690 sapientia

157 713 300 778 retinens
333 714 459 798 integra
491 714 742 801 incormpmque
773 725 887 779 natine
914 738 980 778 sua*
1003 715 1119 778 ductus
1148 724 1197 778 est
1223 715 1265 777 ad
1293 714 1328 779 id

158 824 374 909 sequendum,
408 824 496 908 quod
520 846 570 888 res
594 825 701 910 ipsae,
730 848 798 890 non
820 824 1091 911 philosophorum
1112 823 1247 909 placita,
1276 824 1327 889 vel

158 934 332 999 suaderent
352 933 402 997 vel
424 943 605 1020 poscerent,
1072 998 1075 1004 ,

240 1044 387 1109 Probum
409 1044 563 1129 piumque
586 1043 748 1108 hominem
769 1042 871 1108 luisse
898 1043 1049 1109 Tacitum
1070 1043 1218 1129 plerique
1240 1043 1327 1108 haud

156 1152 246 1217 inriti
277 1154 481 1239 profitentur,
518 1153 572 1237 qui
601 1175 711 1217 verum
738 1152 945 1218 humanitatis
976 1175 1108 1217 sensum
1137 1175 1196 1239 per
1216 1155 1326 1218 omnia

157 1264 226 1326 eius
257 1286 359 1349 opera
388 1262 598 1348 aequabiliter
626 1263 779 1327 diffusum
805 1263 991 1347 intelligunt
1012 1274 1044 1327 et
1064 1264 1324 1350 interpretantur.

155 1376 203 1436 At
223 1372 295 1437 aliis
318 1374 387 1437 eius
409 1374 513 1459 pietas
534 1373 687 1457 ambigua
708 1372 851 1448 videtur,
881 1383 1056 1459 propterea
1078 1374 1180 1458 quod,
1211 1396 1325 1458 quam-

156 1504 253 1567 quam
280 1493 447 1569 receptum
475 1483 603 1547 dicendi
632 1505 725 1546 usum
749 1493 879 1547 secutis
902 1483 982 1550 deos
1005 1483 1057 1548 hic
1078 1483 1145 1547 illic
1168 1485 1323 1563 nominat,

154 1602 262 1656 tamen
295 1592 422 1659 abiecta
449 1593 538 1678 vulgi
572 1594 613 1657 de
645 1593 725 1667 diis,
759 1594 935 1678 portentis,
972 1594 1135 1658 miraculis
1168 1595 1323 1679 opinione

153 1704 338 1767 universum
362 1724 468 1768 rerum
495 1703 705 1767 humanarum
730 1724 860 1767 cursum
888 1702 977 1766 nulla
998 1703 1134 1767 deorum
1154 1726 1232 1768 eura
1253 1704 1323 1790 regi

155 1814 281 1890 statuit,
316 1814 375 1877 sed
402 1814 453 1879 vel
482 1812 570 1880 bona
598 1813 649 1878 vel
672 1812 757 1875 mala
779 1812 987 1897 exipsorum
1009 1811 1176 1877 hominum
1195 1814 1323 1879 actione

153 1924 282 2009 repetit.
340 1922 498 1988 Nimirum
535 1944 634 2007 quum
666 1921 864 1987 intellexisse
896 1921 959 1986 sibi
990 1921 1167 1997 videretur,
1205 1924 1322 2001 omnia,

154 2054 240 2117 qnae
266 2033 299 2095 in
329 2034 421 2097 terris
446 2043 543 2117 atque
567 2033 697 2119 populis
717 2054 852 2117 magna,
882 2032 1033 2117 egregia,
1063 2032 1215 2097 salutaria
1236 2033 1322 2098 lacta

154 2152 277 2220 essent,
308 2164 346 2207 ac
370 2143 418 2207 vel
448 2143 585 2228 gloriam
614 2144 664 2207 vel
686 2142 936 2230 prosperitatem
956 2142 1108 2227 gentibus
1129 2143 1322 2221 attulissent,

153 2253 223 2316 sine
255 2273 448 2337 magnorum
478 2276 654 2337 eorumque
681 2253 843 2320 bonorum
869 2254 1010 2317 virorum
1036 2275 1137 2337 opera
1162 2252 1232 2317 lieri
1256 2276 1322 2322 nou

152 2363 316 2449 potuisse,
347 2384 385 2427 ac
413 2362 508 2427 simul
532 2363 656 2427 videret
683 2364 846 2428 miseriam
867 2385 947 2426 suae
967 2363 1082 2427 aetatis
1108 2384 1174 2427 non
1201 2363 1265 2427 alia
1286 2386 1322 2429 re

152 2473 300 2539 effectam
334 2495 423 2547 esse,
462 2495 559 2558 quam
593 2473 759 2537 hominum
793 2473 1041 2558 depravatione,
1081 2472 1199 2556 quibus
1233 2473 1322 2538 nulla

151 2583 292 2669 amplius
311 2583 404 2658 fides,
427 2583 514 2649 nulle
535 2583 691 2670 probitas,
717 2583 807 2647 nulla
825 2583 936 2667 legum
955 2583 1134 2647 reverentia
1157 2592 1235 2659 erat,
1258 2583 1320 2649 sed

150 2693 277 2757 virtutis
313 2694 385 2759 loco
423 2694 584 2779 pessimae
621 2694 835 2779 cupiditates,
870 2691 948 2755 vitia
982 2691 1161 2768 teterrima,
1199 2692 1321 2759 scelera

151 2803 282 2867 abunde
310 2803 435 2879 omnia,
466 2803 561 2871 lacile
590 2804 698 2891 potuit
718 2802 751 2866 in
774 2824 846 2866 eam
869 2802 1100 2887 cogitationem
1120 2801 1255 2879 deferri,
1288 2812 1321 2867 st

151 2914 232 2978 baec
258 2924 292 2978 et
317 2913 373 2979 illa
399 2936 465 2979 non
494 2924 560 2977 tum
582 2915 717 2979 deorum
737 2912 874 2977 consilio
898 2934 995 2997 quam
1016 2911 1182 2975 hominum
1203 2912 1319 2977 virtute

151 3034 209 3087 aut
237 3023 334 3109 culpa
364 3024 526 3100 accidere3
559 3047 643 3108 quae
665 3037 774 3088 autem
796 3022 956 3088 eiusmodi
978 3034 1070 3097 sunt,
1100 3033 1135 3087 ut
1157 3022 1265 3087 nullae
1285 3024 1319 3087 in

149 3134 191 3197 iis
222 3133 389 3199 bominum
424 3145 533 3220 partes
563 3133 644 3211 rint,
680 3156 719 3199 ea
747 3145 883 3197 naturae
911 3132 1083 3197 tribuenda
1115 3153 1202 3208 esse,
1234 3155 1319 3217 quae

150 3243 239 3308 haud
270 3266 344 3309 raro
376 3244 498 3309 viribus
531 3244 599 3309 suis
632 3267 683 3309 res
715 3243 873 3308 humanas
900 3242 1067 3307 disturbet
1111 3240 1319 3326 Quamquam

151 3365 258 3418 autem
286 3354 367 3419 baec
395 3355 505 3419 omnia
532 3355 578 3419 ita
607 3354 676 3419 fieri
699 3365 826 3429 censet,
857 3364 979 3418 utnon
1001 3351 1102 3417 abiis
1124 3351 1201 3428 diis,
1234 3375 1317 3436 quos

150 3464 302 3549 aequales
325 3465 508 3542 crederent,
533 3464 796 3529 administrentur
818 3476 850 3527 et
870 3473 1037 3547 regantur,
1060 3464 1247 3546 neutiquam
1269 3473 1318 3527 ts·

148 3596 221 3638 men
254 3586 353 3661 negat
385 3596 457 3639 esse
491 3574 630 3638 divinam
664 3574 805 3657 aliquam
831 3573 911 3648 vim,
945 3594 1043 3656 quam
1075 3572 1224 3637 mortales
1251 3594 1316 3635 non

147 3684 315 3769 negligere
347 3694 379 3748 et
412 3698 616 3749 contemnere
650 3684 799 3752 debeant.
858 3682 926 3749 Sed
962 3682 1105 3747 divinum
1137 3680 1217 3745 illud
1249 3704 1316 3747 non

148 3804 239 3857 extra
260 3794 408 3859 homines
433 3794 535 3880 ponit,
559 3795 617 3859 sed
640 3794 720 3880 ipsis
736 3816 848 3859 eorum
862 3790 1025 3857 mentibus
1042 3790 1199 3856 contineri
1215 3803 1317 3878 putat.

147 3902 287 3968 Ratione
310 3905 395 3969 enim
416 3926 467 3969 res
489 3904 645 3969 humanas
668 3904 723 3989 agi
746 3902 865 3969 debere
888 3923 988 3988 quum
1011 3900 1072 3965 sibi
1091 3902 1316 3987 persuasisset,

147 4034 212 4097 quo
233 4015 339 4098 magis
361 4036 400 4079 ea
421 4014 541 4079 valeret
563 4026 594 4079 et
616 4015 658 4078 ad
680 4025 767 4080 recte
794 4013 979 4078 laciendum
1000 4011 1146 4076 homines
1168 4011 1316 4099 impelle-

145 4136 210 4195 ret,
244 4144 284 4187 eo
315 4124 429 4189 melius
455 4125 567 4209 generi
589 4123 730 4189 humano
752 4124 936 4189 consultum
958 4122 1099 4208 putavit,
1131 4144 1197 4185 non
1220 4120 1315 4186 dubi·
1355 4194 1358 4199 ,

145 4240 216 4296 tans
247 4234 408 4318 profiteri,
442 4256 526 4319 quae
547 4234 727 4299 reverentia
749 4256 789 4298 ac
813 4233 921 4297 studio
943 4231 1041 4309 recti,
1071 4231 1148 4296 iusti
1170 4230 1315 4296 honesti·

145 4364 209 4428 que
233 4341 318 4409 lacta
340 4356 466 4421 essent,
493 4344 595 4408 favori
619 4344 755 4409 deorum
778 4356 811 4408 et
831 4343 955 4429 gratiae
977 4343 1131 4417 tribuere;
1161 4341 1217 4405 ubi
1240 4364 1315 4407 vero
