3067 4867
296 280 348 337 DE
366 278 590 336 AGRICOLAE
610 275 899 336 COMPOSITIONE
919 276 970 335 ΕΤ
990 277 1178 336 CONSILIO.
1278 278 1318 345 21

149 468 256 554 pium,
281 490 319 533 ao
340 469 523 535 Romanum
547 470 699 555 antiquae
718 468 843 533 virtutis
865 469 966 535 fuisse
988 470 1120 545 doceat,
1143 491 1226 554 quae
1247 490 1318 533 mo-

148 602 218 643 rum
248 579 444 666 optimorum
476 580 545 645 eius
575 580 747 667 explicatio
779 602 837 666 per
858 591 960 645 totum
987 579 1104 643 librum
1130 580 1175 643 ita
1202 579 1320 643 diffusa

150 699 212 767 est,
242 690 391 755 utnulla
420 712 495 776 pars
527 690 585 766 sit,
613 713 678 775 qna
706 712 772 754 non
798 689 990 776 pulcerrima
1017 692 1126 775 imago
1158 689 1265 753 eximii
1288 700 1319 753 et

148 823 252 886 paene
291 799 440 866 omnibus
472 800 612 865 numeris
640 800 782 865 absoluti
808 801 866 865 viri
896 800 991 866 nobis
1021 800 1200 866 obiiciatur.
1249 798 1319 880 Qui

149 933 249 995 quum
277 910 340 973 iam
362 933 420 996 per
442 932 477 974 se
500 910 660 995 perfectae
682 910 893 975 humanitatis
917 911 1081 997 exemplar
1101 909 1212 974 haberi
1238 932 1317 995 pos-

148 1022 204 1099 sit,
235 1033 304 1085 tum
334 1034 375 1085 ea
392 1020 519 1084 videtur
540 1020 774 1100 admirabilior,
801 1006 890 1106 qood
918 1031 1007 1084 tanta
1031 1019 1198 1106 integritas
1220 1031 1318 1104 atque

148 1132 248 1197 virtus
273 1142 338 1195 tam
360 1130 520 1216 corruptis
542 1130 742 1216 temporibus
766 1131 898 1208 exstitit,
922 1154 1006 1215 quae
1027 1130 1107 1194 nihil
1131 1153 1245 1195 sanum
1267 1141 1316 1195 at-

148 1264 211 1327 que
240 1240 380 1329 probum
406 1240 542 1326 gignere
570 1264 670 1326 posse
698 1240 898 1306 videbantur.
942 1241 1040 1304 Haud
1071 1240 1189 1326 exigua
1209 1250 1317 1304 tamen

148 1374 222 1439 pars
251 1349 473 1415 admirationis
501 1350 680 1436 Agricolae
708 1350 835 1415 debitae
865 1351 908 1416 ad
936 1350 1044 1436 ipsum
1067 1350 1216 1414 Tacitum
1242 1373 1316 1436 per-

146 1462 241 1540 tinet,
276 1460 332 1547 qui
360 1461 466 1525 animo
489 1472 586 1546 atque
606 1461 737 1546 ingenio
762 1460 865 1526 soceri
887 1460 975 1525 haud
997 1461 1178 1548 disparet,
1210 1462 1315 1544 qualis

145 1573 199 1639 ille
225 1582 320 1649 esset,
343 1570 471 1657 penitus
488 1571 621 1635 sentiret
636 1583 733 1657 atque
749 1582 955 1657 perspectum
970 1570 1112 1648 haberet,
1136 1581 1169 1634 et
1182 1571 1316 1656 egregia

146 1682 310 1751 scribendi
333 1692 400 1745 arte
422 1680 508 1746 laeta
529 1704 699 1766 moresque
720 1682 788 1746 eius
810 1681 991 1765 posteritati
1012 1680 1161 1748 traderet.
