3067 4867
193 366 233 433 12
488 428 492 436 ¹
534 364 838 420 PROLEGOMENA.
873 363 957 422 CAP.
976 363 1015 421 H.

191 547 227 602 ut
248 558 343 602 nemo
363 534 535 619 intelligat,
559 535 638 620 quid
660 536 808 603 suadeas.
852 537 939 602 Tum
961 536 1121 602 Traianus
1143 559 1209 602 uon
1233 535 1260 600 is
1282 546 1359 612 erat,

192 648 248 735 qui
271 646 407 712 oonsilio
429 644 470 710 de
492 644 576 709 bello
599 646 649 710 vel
671 647 803 713 vitando
825 648 878 713 vel
900 646 1063 713 movendo
1087 659 1212 734 egeret,
1236 647 1361 734 quippe

192 759 249 844 qui
268 760 341 844 ipse
362 755 395 820 in
419 757 595 822 Germania
616 757 784 824 militasset
807 768 839 823 et
861 759 1042 826 Germanos
1064 757 1152 822 haud
1175 757 1273 822 dubie
1294 779 1359 822 non

190 869 297 934 minus
316 878 429 933 nosset
449 889 547 953 quam
570 868 722 942 Tacitum
749 890 787 934 ac
810 869 837 934 si
858 869 910 934 vel
931 869 1069 934 maxime
1091 867 1251 955 eguisset,
1281 868 1361 956 quid

191 1002 264 1046 eum
292 978 406 1043 iuvare
434 988 563 1064 poterat
590 977 714 1063 legere,
748 1001 833 1064 quae
854 979 988 1044 Tacitus
1019 978 1060 1044 de
1087 979 1238 1045 universa
1265 989 1360 1054 terra,

192 1089 233 1155 de
261 1089 386 1175 origine
416 1088 541 1175 gentis,
571 1087 612 1152 de
639 1089 810 1174 religione,
838 1090 906 1154 vita
933 1090 1111 1156 domestica
1139 1111 1177 1156 ao
1204 1088 1360 1166 moribus,
1404 1129 1413 1138 -
1521 1083 1522 1158 ]

191 1197 333 1285 denique
361 1199 403 1262 de
432 1197 617 1264 nationibus
646 1199 768 1285 ignotis
798 1213 830 1264 et
856 1201 1110 1287 septentrionem
1139 1200 1361 1284 orientemque

190 1333 303 1376 versus
325 1307 545 1374 habitantibus
573 1309 749 1396 exposuit?
794 1309 862 1393 Qui
885 1311 961 1375 talia
981 1311 1179 1377 alienissimo
1201 1332 1361 1376 essenon

190 1420 363 1506 intelligat,
388 1441 462 1484 eum
483 1420 601 1485 frustra
623 1421 754 1486 doceas.

274 1530 360 1594 Aliis
381 1531 487 1595 visum
510 1540 559 1596 est
580 1531 775 1597 Germaniae
797 1531 968 1597 consilium
990 1553 1096 1620 neque
1118 1532 1160 1596 ad
1182 1531 1270 1597 cives
1290 1531 1360 1596 Ro-

190 1664 323 1718 manos,
350 1663 457 1729 neque
486 1640 529 1706 ad
550 1641 677 1729 imperii
706 1652 826 1707 statum
854 1654 1019 1729 spectare,
1049 1642 1108 1708 sed
1134 1656 1205 1707 orto
1227 1642 1362 1727 quodam

191 1756 308 1818 rationo
337 1777 405 1816 eom
432 1754 549 1816 maiore
570 1753 786 1817 Historiarum
811 1777 902 1840 opero
927 1756 1081 1820 contineri.
1129 1753 1248 1818 Fuisse
1276 1752 1361 1816 enim

191 1866 294 1928 totum
315 1861 459 1928 libellum
480 1885 547 1928 non
568 1863 689 1928 iustum
710 1886 795 1950 opus
818 1885 876 1950 per
897 1886 942 1942 se,
965 1860 1024 1929 sed
1045 1863 1237 1951 particulam
1256 1885 1361 1951 quan-

192 1973 266 2038 dam
288 1973 505 2039 Historiarum
533 1973 603 2038 sive
625 1973 835 2061 prolixiorem
857 1974 898 2038 de
919 1973 1092 2042 Germanis
1115 1974 1362 2061 digressionem,

191 2083 327 2149 similem
352 2084 440 2162 eius,
469 2106 554 2168 quas
581 2084 614 2148 in
634 2084 791 2170 Agricola
818 2084 859 2149 de
879 2084 1057 2163 Britannis,
1086 2085 1119 2151 iu
1143 2085 1363 2150 Historiarum

190 2195 273 2260 libro
296 2193 410 2279 quinto
432 2194 473 2260 de
492 2194 622 2260 Iudaeis
641 2195 776 2282 legatur.
820 2195 903 2260 Eam
926 2195 1161 2280 digressionem
1182 2208 1289 2262 autem
1307 2195 1362 2260 vel

191 2327 271 2370 casu
292 2315 449 2370 servatam
471 2327 559 2384 esse,
590 2328 690 2392 quum
711 2305 783 2392 ipse
805 2305 902 2384 liber,
932 2308 967 2370 in
989 2328 1054 2393 quo
1076 2309 1217 2384 inesset,
1244 2305 1361 2383 iniuria

191 2427 375 2502 temporum
405 2438 480 2480 cum
511 2416 638 2501 reliqua
669 2417 888 2482 Historiarum
920 2428 1012 2503 parte
1030 2417 1278 2495 intercidisset,
1310 2415 1362 2482 vel

191 2549 211 2591 a
232 2525 348 2592 Tacito
371 2527 588 2612 compositam
609 2549 698 2604 esse,
722 2536 759 2591 ut
780 2528 951 2593 commodo
974 2528 1046 2593 loco
1069 2528 1276 2604 insereretur,
1302 2549 1360 2592 ne-

191 2657 255 2721 que
281 2647 387 2703 tamen
414 2639 567 2703 insertam
590 2660 679 2715 esse,
708 2649 806 2722 atque
830 2639 876 2703 sic
898 2638 940 2702 ad
965 2661 1025 2704 uos
1052 2639 1248 2725 pervenisse.
1292 2637 1362 2706 Sed

171 2747 267 2813 ›huic
294 2748 635 2836 sententiae'plurima
655 2748 708 2814 vel
730 2748 841 2835 potius
865 2749 973 2815 omnia
995 2748 1134 2815 obstant.
1184 2749 1269 2815 Nam
1292 2748 1360 2835 pri-

190 2880 279 2924 mum
306 2858 481 2925 similitudo
510 2882 583 2925 cum
609 2858 748 2924 laudatis
771 2859 946 2945 Agricolae
975 2869 1007 2924 et
1034 2860 1254 2926 Historiarum
1280 2859 1360 2924 locis

190 2991 257 3034 non
285 2979 375 3034 tanta
402 2979 470 3046 est,
504 2981 659 3054 quantam
686 2969 733 3033 illi
763 2981 888 3055 putant.
944 2970 1028 3052 Quis
1062 2971 1148 3036 enim
1176 2993 1241 3036 non
1270 2970 1361 3035 videt

191 3101 265 3144 oum
284 3077 438 3145 brevibus
465 3079 530 3144 illis
556 3090 589 3144 et
616 3079 659 3144 ad
681 3089 803 3145 certum
826 3079 960 3165 aliquod
981 3081 1102 3146 factum
1124 3079 1360 3169 pertinentibus

73 3265 76 3269 φ
121 3170 125 3176 ’
192 3189 450 3276 digressionibus
468 3190 557 3255 nullo
576 3189 675 3255 modo
694 3191 875 3277 comparari
892 3214 991 3277 posse
1005 3192 1202 3258 Germaniae
1216 3190 1360 3256 libellum
1472 3191 1474 3194 ’

190 3300 290 3388 longe
317 3301 448 3366 maioris
476 3299 631 3377 ambitus,
662 3323 757 3387 quam
785 3323 880 3386 quem
910 3313 998 3367 recta
1020 3301 1102 3368 ratio
1131 3314 1163 3367 et
1192 3301 1359 3389 scriptoris

191 3433 243 3476 ars
274 3412 309 3476 in
340 3412 397 3477 tali
430 3433 465 3476 re
496 3411 679 3476 concedat?
729 3412 905 3478 Praeterea
940 3412 1013 3498 ipsa
1046 3413 1115 3478 eius
1148 3411 1359 3478 conformatio

191 3521 334 3588 ostendit
361 3545 427 3586 non
456 3543 529 3586 esse
558 3521 750 3608 particulam
784 3543 803 3585 a
831 3522 952 3588 maiore
981 3545 1081 3610 opere
1110 3523 1270 3601 avulsam,
1302 3521 1360 3588 sed

190 3633 312 3699 iustum
331 3632 531 3718 librum'per
552 3655 588 3698 se
609 3643 820 3711 constantem,
841 3633 965 3720 quippe
986 3633 1077 3699 cuius
1100 3644 1209 3720 portes
1230 3633 1276 3698 ita
1297 3632 1361 3698 sint

191 3743 386 3830 dispositae,
408 3755 446 3808 ut
465 3764 579 3808 omnes
599 3742 633 3806 in
656 3765 756 3807 unum
779 3755 910 3820 coeant,
934 3753 966 3809 et
987 3743 1170 3810 absolutum
1195 3743 1360 3831 quoddam

192 3876 311 3941 corpus
333 3853 500 3920 efficiant·
524 3853 644 3940 Longe
666 3853 804 3920 maxima
826 3865 934 3920 autem
955 3854 1127 3921 difficultas
1150 3877 1189 3920 eo
1213 3854 1359 3920 contine·

191 3975 256 4042 tur,
281 3953 388 4050 quod,
416 3987 482 4050 quo
503 3965 577 4030 loco
599 3964 818 4030 Historiarum
840 3965 927 4031 illam
950 3965 1185 4052 digressionem
1206 3965 1360 4030 insertam

191 4075 292 4141 luisse
312 4075 469 4153 dicamus,
491 4074 582 4140 nullo
601 4075 654 4140 vid
673 4075 810 4140 inveniri
829 4075 870 4141 ac¹
887 4097 929 4141 ne
949 4076 1067 4142 ooniici
1086 4076 1219 4162 quidem
1240 4085 1359 4163 potest.

191 4186 275 4252 Nam
298 4208 397 4272 quum
423 4197 674 4252 consentaneum
697 4185 740 4250 sit
761 4185 824 4250 tale
853 4185 1054 4272 episodium,
1085 4187 1112 4253 si
1141 4186 1290 4273 scriptori
1319 4207 1359 4250 eo

192 4318 278 4382 opus
304 4296 466 4372 videatur,
495 4296 542 4362 ibi
570 4307 695 4363 ceterae
721 4297 897 4361 narrationi
924 4296 1104 4385 interponi,
1133 4297 1191 4362 ubi
1219 4296 1360 4383 primum

193 4405 262 4472 eius
286 4405 350 4484 rei,
380 4406 421 4470 ad
443 4428 540 4494 quam
560 4407 782 4473 illustrandam
803 4408 961 4494 pertinet,
988 4408 1109 4475 mentio
1127 4409 1180 4487 fit,
1206 4431 1273 4474 non
1295 4406 1358 4472 alio
