3067 4867
235 353 280 424 64
654 352 838 409 coaunnn
857 350 988 409 raom

236 537 427 592 mercantur.
477 524 552 592 Cibi
579 525 756 612 simplices,
786 524 928 611 agrestia
952 546 1067 613 poma,
1095 526 1317 604 recens'isra,
1350 534 1438 593 autt

235 636 286 701 lac
316 648 513 703 concretum.
564 636 644 704 Sine
671 646 849 724 apparatu,
881 636 951 703 sine
979 635 1208 702 blandimentis
1240 636 1411 725 expellunt

236 745 365 813 famem.
403 748 573 812 Ad‘versus
591 746 676 811 sitim
694 769 761 812 non
780 747 893 819 eadem
910 747 1133 835 temperantia.
1176 746 1214 814 Si
1233 747 1411 813 indulseris

237 857 382 924 ebrietati
404 856 610 943 suggerendo
627 868 782 943 quantum
804 857 1055 945 concupiscunt,
1078 858 1166 924 haud
1186 858 1294 924 minus
1313 858 1410 925 facile

235 968 325 1034 vitiis
347 990 446 1055 quam
469 968 565 1034 armis
589 968 766 1037 vincentur.

321 1079 454 1144 XXIV.
491 1067 605 1145 Genus
628 1078 887 1165 spectaculorum
907 1101 1008 1143 unum
1028 1087 1126 1164 atquo
1146 1078 1181 1143 in
1201 1077 1289 1145 omni
1311 1088 1410 1145 coetu

236 1189 345 1275 idem..
376 1189 464 1254 Nudi
487 1189 632 1265 iuvenes,
655 1188 774 1276 quibus
795 1190 829 1254 id
850 1188 1009 1255 ludicrum
1031 1200 1094 1266 est,
1116 1187 1200 1255 inter
1220 1188 1349 1275 gladios
1371 1212 1410 1255 se

237 1310 335 1385 atque
359 1300 494 1364 infestas
520 1299 657 1364 frameas
682 1300 766 1365 saltu
795 1299 923 1366 iaciunt.
964 1299 1163 1365 Exercitatio
1185 1308 1286 1365 artem
1310 1318 1435 1386 para-t

237 1410 302 1488 vit,
333 1432 385 1475 ars
415 1410 582 1488 decorem,
615 1432 683 1475 non
714 1412 749 1475 in
779 1420 949 1497 quaestum
980 1420 1087 1475 tamen
1119 1420 1175 1475 aut
1205 1410 1410 1486 mercedem

239 1521 387 1609 quamvis
416 1520 548 1587 audacis
576 1520 727 1587 lasciviae
757 1521 897 1608 pretium
926 1532 975 1586 est
1003 1520 1152 1608 voluptas
1181 1518 1410 1607 spectantium.

274 1713 297 1763 2.
315 1707 468 1778 simplices]
488 1725 527 1761 sc.
546 1716 617 1764 sant.
843 1706 996 1772 sententia,
1030 1706 1052 1762 si
1080 1706 1176 1773 facile
1210 1706 1412 1778 interpretatae

273 1786 332 1839 eine
352 1786 504 1855 apparata]
527 1785 700 1856 Praegnanti
718 1803 800 1839 sensu
843 1784 928 1839 fueris
947 1792 1027 1839 certo.

239 1871 397 1932 apparatus
411 1862 512 1917 dicitur
529 1866 564 1918 de
581 1863 759 1934 enpanbitiore
776 1871 803 1917 et
877 1862 963 1929 vitiu]
986 1861 1062 1917 Vitia
1081 1868 1145 1914 sunt
1162 1860 1241 1915 mala
1258 1861 1410 1931 ebrietatis,

239 1940 361 1993 lautiore
377 1941 567 2010 consectioae5
585 1940 620 1997 cf.
636 1957 659 1997 c.
678 1946 720 2005 21,
738 1947 762 1997 l.
843 1941 922 1994 velut
934 1946 1041 2009 torpor,
1055 1938 1184 2008 languor,
1202 1938 1311 2005 inertia,
1325 1957 1410 1995 occa·

272 2018 331 2071 aiae
347 2018 552 2087 blandimentis]
573 2018 589 2073 i.
602 2036 626 2075 e.
644 2019 703 2072 aiae
722 2035 802 2089 eape-
844 2018 951 2071 sianum
969 2016 1120 2086 neglectio,
1139 2014 1289 2071 temeritas.

240 2095 305 2149 diis.
337 2094 409 2148 Nam
428 2095 620 2150 blandimenta
639 2104 711 2158 sunt,
730 2113 802 2165 quae
877 2094 983 2151 XXIV.
999 2092 1282 2163 1.uaum]i.a.smam
1294 2097 1410 2164 modo,-

239 2171 385 2225 Sallustius
404 2172 465 2241 Iug.
484 2190 507 2227 c.
528 2178 577 2241 89,
595 2180 620 2231 l.
646 2172 713 2227 dicit
736 2174 803 2227 irri-
845 2190 870 2225 v.
887 2174 923 2227 ad
944 2188 968 2227 c.
988 2178 1028 2236 19,
1047 2177 1071 2227 3.

240 2256 363 2304 tamenta
379 2252 470 2317 palae.
881 2250 974 2320 atque]
999 2248 1017 2303 i.
1038 2264 1062 2303 a.
1081 2255 1107 2302 et
1132 2247 1262 2318 quidm,-
1284 2267 1309 2303 v.
1328 2251 1365 2303 ad
1384 2268 1410 2305 c.

274 2327 424 2396 expellant]
444 2326 582 2393 Nonct'bi,
595 2329 643 2382 aed
658 2326 803 2393 Gemmaai,
848 2334 887 2396 14,
906 2332 929 2383 3.
1142 2386 1145 2391 ,

239 2406 315 2475 quod
333 2404 488 2458 subiectum
507 2404 536 2457 in
554 2407 608 2459 hoc
626 2404 723 2459 libello
743 2422 803 2459 sae·
879 2404 977 2475 quibam
996 2401 1186 2455 talamarum
1206 2402 1256 2471 eet]
1281 2402 1299 2456 i.
1317 2419 1342 2457 e.
1360 2405 1410 2474 qni

238 2480 350 2552 pissime
360 2479 416 2535 ἀπὸ
425 2483 521 2535 κοινοῦ
532 2490 573 2536 cst
583 2481 802 2551 intelligendum.
845 2499 878 2536 eo
897 2480 956 2535 ludi
976 2496 1080 2550 genere
1102 2479 1285 2545 delectantur,
1306 2480 1410 2552 quibus

273 2560 419 2612 Adversus
450 2559 534 2629 sitim]
571 2561 717 2614 Adversas
745 2576 802 2613 non
844 2560 872 2613 id
882 2557 1099 2613 delectationem
1108 2558 1196 2621 affert,
1207 2557 1412 2629 (Germ.8posa

239 2638 314 2691 nude
336 2639 441 2707 pendet
465 2654 500 2690 ex
524 2638 725 2707 temperantia,
750 2639 801 2690 sed
843 2638 961 2705 maelt);
980 2635 1014 2689 id
1029 2635 1103 2690 enim
1121 2634 1275 2689 subiectum
1293 2644 1348 2703 est,
1366 2637 1411 2692 lu·

204 2754 209 2763 .
238 2713 295 2768 vim
305 2715 392 2767 habet
400 2712 526 2767 attributi
538 2714 714 2778 adverbialis,
726 2716 802 2785 qnod
845 2715 955 2769 dieram
972 2721 1012 2768 eet
1029 2712 1228 2785 praedicatum.

238 2792 389 2847 vernacula
400 2793 516 2845 reddas:
529 2793 591 2844 dem
603 2794 695 2846 Darat
704 2809 803 2861 pepea-
880 2792 1010 2861 e'asestaa]
1038 2790 1054 2847 i.
1073 2808 1097 2845 e.
1117 2790 1277 2861 cuspidibus
1296 2789 1410 2847 directis

220 2871 350 2924 albor:
363 2868 601 2922 timicttla'cltdea
615 2872 750 2937 Durates;
767 2869 802 2923 ci.
846 2869 981 2933 intentas,
1019 2886 1110 2941 eoque
1144 2867 1300 2941 periculum
1328 2867 1410 2923 mini-

241 2964 263 3001 c.
282 2952 324 3011 46,
342 2952 366 3000 5.
398 2945 520 3000 Secari
534 2947 702 3000 advertas
719 2948 804 3000 deos
845 2954 943 3002 tantas.

237 3040 297 3077 rem
314 3022 517 3091 dffficillimam
536 3025 658 3078 assecuti
677 3033 749 3080 rarat.
777 3043 803 3080 v.
880 3026 1015 3093 tarteria]
1029 3021 1198 3077 Arelatiore
1211 3038 1294 3076 senen
1307 3020 1411 3076 dicitnr

239 3103 275 3154 asl
293 3100 388 3170 Agric.
407 3107 433 3164 5,
451 3106 476 3155 4.
846 3102 1035 3171 cuiuscunque
1057 3099 1097 3155 rei
1115 3098 1245 3154 tractatio
1265 3099 1304 3153 ita
1321 3106 1409 3165 certa,

274 3195 331 3232 aaa
348 3179 446 3232 eadem
462 3178 658 3248 temperantia]
679 3196 704 3233 v.
724 3181 760 3232 ad
779 3194 802 3233 c.
845 3188 876 3235 ut
904 3196 1046 3249 nunquam
1080 3177 1190 3231 aberret
1220 3184 1269 3233 aut
1298 3176 1410 3231 labatur

239 3261 282 3321 26,
300 3262 325 3311 4.
846 3258 954 3327 (Germ.
988 3254 1211 3324 accuratam„
1246 3254 1280 3311 cf.
1311 3252 1409 3323 Agric.

272 3334 300 3387 ei
319 3333 472 3387 maauaie
492 3332 630 3400 ebrietati]
650 3333 805 3401 Indulpere
846 3340 892 3400 36,
919 3341 940 3391 l.
975 3333 1061 3387 Arte
1087 3332 1225 3386 Britanni
1236 3362 1271 3372 —
1287 3332 1411 3387 masaia

240 3409 309 3480 quid
327 3411 363 3464 sit
381 3413 408 3465 h.
422 3409 449 3477 1,
468 3408 586 3463 Tacitus
605 3408 664 3481 ipse
684 3428 803 3481 aequen-
844 3420 1001 3467 rtostrorum
1027 3411 1124 3465 attare.
1159 3408 1232 3464 Ann.
1255 3409 1301 3475 ΙΙ,
1325 3414 1357 3478 8,
1383 3416 1409 3465 2.

240 3488 313 3543 tibus
326 3486 462 3558 explieat,
478 3487 571 3541 Germ.
585 3496 641 3543 est:
667 3488 804 3543 Voraclrab
845 3489 995 3544 Batavi-
1008 3490 1075 3542 dam
1093 3495 1201 3543 artem
1218 3488 1409 3541 moadiosten·
1508 3498 1509 3561 t

141 3581 146 3590 ·
239 3566 390 3619 letatum-
408 3565 541 3619 Ebrietas
557 3567 584 3622 h.
604 3565 621 3621 l.
642 3583 698 3620 non
719 3566 804 3635 signi·
845 3574 913 3634 tant,
933 3566 1044 3621 turbati.

239 3644 305 3698 licat
320 3651 421 3696 statam
440 3643 594 3708 ebrioram,
617 3644 667 3697 sed
686 3643 804 3698 insatia-
871 3639 1412 3714 paravit]Itacodd.PRabdt⁴FHKLN;

239 3722 322 3776 bilem
340 3720 453 3775 bibendi
476 3721 658 3790 cupiditatem
676 3720 803 3788 (Trunk·
846 3720 1033 3791 ceteriparat.
1051 3717 1411 3791 Perfecto,quodOrellins

239 3800 339 3866 sucht).
846 3816 992 3869 perperam
1014 3816 1065 3869 pro
1077 3796 1187 3873 ¹aoristo
1207 3796 1307 3861 habet,
1324 3794 1411 3865 signi-

273 3876 353 3930 baud
367 3873 643 3945 maresscalcus]
662 3874 727 3929 Non
748 3878 803 3931 boc
845 3878 959 3940 ficator,
990 3894 1052 3930 eam
1078 3883 1166 3929 artem
1194 3873 1222 3927 in
1249 3883 1353 3927 certam
1379 3882 1411 3927 et

240 3945 308 4009 (licit
327 3952 459 4015 Tacitus,
476 3951 597 4019 facile
619 3952 707 4006 armis
727 3954 805 4008 cinci
845 3961 1019 4009 constantem
1045 3950 1272 4007 consuetudinem
1301 3949 1410 4021 abiisse,

241 4029 414 4097 Germanos,
449 4046 512 4083 aec
540 4030 656 4083 mimas
679 4032 804 4097 facile
845 4032 992 4103 praciam
1009 4030 1098 4099 perstre
1111 4029 1236 4100 propria
1252 4030 1297 4083 sit.
1507 4100 1508 4103 Ἴ

238 4106 331 4176 ritiic5
360 4108 411 4162 sed
435 4108 490 4162 hoc
516 4105 611 4177 ponit:
638 4108 692 4161 tac
716 4126 803 4179 aeque
878 4110 908 4163 ia
931 4118 1073 4179 quaestam
1100 4109 1164 4176 etc]
1192 4106 1209 4162 i.
1236 4124 1260 4162 e.
1288 4125 1345 4163 non
1372 4124 1408 4161 eo
1507 4110 1508 4165 ἒ

240 4203 286 4240 eoa
304 4201 371 4238 aaa
393 4200 451 4237 esse
472 4184 572 4248 victos,
596 4185 672 4238 aiei
696 4186 802 4255 armie5
844 4185 969 4254 consilio,
987 4192 1016 4239 ut
1029 4193 1159 4255 quaestus
1177 4184 1307 4249 fistuca
1324 4202 1408 4255 quae·
1507 4186 1508 4255 j

239 4262 262 4316 si
292 4278 360 4315 vero
392 4260 513 4314 ebrietas
543 4259 704 4325 invaluerit,
732 4263 802 4317 vitia
843 4272 901 4317 atos
921 4281 1040 4331 eaassa,·
1067 4280 1092 4316 v.
1116 4264 1151 4316 ad
1170 4261 1267 4333 Agric.
1286 4280 1309 4319 c.
1332 4268 1363 4328 8,
1383 4268 1408 4319 3.
1507 4268 1508 4281 ¹

234 4338 378 4410 pariter
402 4345 484 4405 atque
507 4355 589 4392 arma
614 4339 739 4394 valitura
764 4342 802 4394 ad
845 4340 984 4411 Cogitavit
1009 4340 1122 4394 Tacitus
1153 4339 1198 4393 bic
1226 4358 1339 4412 quoqne
1372 4342 1408 4397 de

240 4416 303 4471 illos
326 4414 486 4472 vincendos.
521 4414 603 4473 ctare
629 4423 709 4489 patet
731 4420 803 4476 haec
844 4416 976 4475 Romanis
983 4416 1407 4491 gladiatoribus,iaculatoribus,
