3067 4867
669 310 899 369 minemo.

246 502 350 568 Euius
369 501 523 567 editionis
543 504 713 583 scripturo.

196 626 280 692 XVI,
301 633 325 683 5.
346 625 503 683 indecorus.

197 712 282 775 XVI,
308 719 333 769 5.
361 719 389 767 et
415 712 516 767 seditio
544 712 603 769 sine
629 712 764 783 senguIne

248 788 333 845 stetit.

196 875 311 944 XVIII,
333 880 358 929 5.
379 872 485 945 patrius
503 873 589 929 nendi
609 892 674 936 usus

196 957 281 1025 XIX,
303 965 325 1017 1.
344 958 470 1014 incuriae

196 1046 283 1112 XIX,
303 1050 328 1101 3.
347 1044 552 1111 centurionem,
571 1045 672 1102 milites

197 1132 282 1195 XIX,
303 1136 327 1187 3.
347 1129 510 1185 fidissimum

196 1209 282 1277 XIX,
305 1213 330 1263 4.
373 1207 466 1279 potius
507 1224 564 1263 non
601 1216 764 1281 peccaturos

249 1302 426 1357 praeponere

197 1362 284 1429 XIX,
303 1369 328 1417 5.
347 1379 380 1415 ac
398 1361 544 1418 recludere
563 1363 655 1437 pretio

195 1441 281 1509 XIX,
300 1447 323 1496 5.
341 1438 534 1510 inprosperum

196 1518 267 1588 XX,
286 1522 310 1573 2.
332 1516 504 1571 irritamenta

195 1595 266 1659 XX,
286 1598 310 1651 3.
331 1612 404 1649 nova
422 1612 495 1665 pars.

195 1672 281 1739 XXI,
301 1678 324 1729 1.
344 1672 501 1729 Illucessita
517 1672 626 1728 transiit
644 1690 764 1749 sequens

249 1749 346 1807 hiems.

197 1826 284 1891 XXI,
306 1834 329 1885 1.
348 1827 424 1881 bello
444 1828 541 1883 faciles

196 1904 297 1969 XXII,
317 1910 342 1961 2.
361 1904 474 1975 legisse.
502 1906 618 1959 Nullum

197 1981 298 2047 XXII,
317 1986 342 2037 2.
361 1985 475 2037 crebrae
494 1983 655 2055 eruptiones

196 2058 297 2123 XXII,
318 2066 343 2115 5.
374 2069 520 2131 supererat
549 2068 701 2127 secretum,
734 2070 765 2151 ut

248 2134 388 2189 silentium

197 2212 316 2279 XXIII,
338 2219 361 2271 1.
381 2222 594 2283 percucurrerat

196 2285 306 2355 XXIV,
325 2296 348 2347 3.
365 2290 487 2346 differt
450 2301 507 2346 tin
525 2292 623 2347 melius

197 2366 295 2432 XXV,
327 2373 348 2423 1.
386 2369 501 2441 egregie
531 2371 640 2442 specie,
679 2390 764 2445 quum

249 2444 330 2499 simul

196 2521 289 2586 XXV,
309 2526 333 2577 2.
351 2520 542 2593 impelleretur

196 2598 290 2663 XXV,
314 2604 338 2655 2.
368 2604 605 2671 compararentur.
650 2602 764 2660 Britan·

250 2693 352 2730 uos-
370 2676 556 2734 clauderetur.
575 2679 620 2733 Ad
641 2700 737 2739 manus

196 2753 325 2819 XXVII,
344 2758 367 2809 3.
387 2754 464 2807 ducis
484 2754 577 2811 elusos
594 2758 649 2815 rati

197 2794 340 2894 XXVIII,
359 2836 383 2887 2.
402 2830 559 2901 remigante

197 2908 341 2971 XXVIII,
359 2913 383 2964 3.
410 2911 447 2962 ad
465 2927 565 2981 aquam
585 2919 669 2987 atque
686 2914 765 2975 utilia

250 2984 356 3056 rapturi

197 3062 340 3127 XXVIII,
361 3066 385 3119 3.
404 3063 559 3135 congressi,
577 3084 610 3123 ac
628 3085 713 3143 saepe

196 3140 297 3205 XXX,
317 3146 341 3195 3.
359 3140 435 3211 iique

195 3216 298 3277 XXX,
316 3224 339 3273 5
357 3226 466 3285 terrae,
483 3218 539 3275 iam
557 3228 586 3277 et
603 3241 681 3280 mare

196 3293 312 3358 XXXI,
341 3300 367 3353 2.
403 3314 470 3367 eger
501 3306 586 3369 atque
620 3318 707 3357 annus
736 3302 765 3357 in

250 3373 428 3437 frumentum,

196 3448 313 3515 XXXI,
331 3457 355 3512 2.
374 3458 563 3507 conteruntur.

195 3526 365 3658 XX¹X1‚.5.
399 3528 428 3585 in
457 3529 659 3601 poenitentiam
688 3552 765 3589 arma

264 3616 337 3660 nturi

196 3681 326 3749 XXXII,
344 3688 369 3741 3.
386 3682 480 3739 vincla

195 3760 328 3824 XXXII,
347 3768 373 3819 4.
396 3760 659 3831 circumspectantes

196 3836 324 3900 XXXII,
340 3844 366 3893 ’1.
385 3838 443 3892 illic
460 3838 572 3893 tributa

196 3913 341 3979 XXXIII,
369 3922 393 3971 1.
431 3917 547 3986 Iamque
576 3916 703 3987 agmina,
737 3924 765 3973 ct

249 4010 389 4050 armorum
419 3994 544 4063 fulgores
575 3993 764 4049 audentissimi

251 4068 385 4140 cuiusque
395 4088 543 4140 procursu3
556 4072 636 4125 simul
649 4070 766 4126 instrue·

249 4148 333 4201 betur
351 4149 440 4213 scies,
459 4166 543 4219 quum

195 4223 335 4289 XXXIV,
364 4232 391 4283 2.
419 4230 580 4291 ruere,-
546 4226 710 4298 -paridu
736 4235 766 4283 et

248 4301 350 4357 inertis
373 4303 435 4373 ipso
454 4304 570 4376 agminis
590 4322 660 4363 sono
678 4304 765 4376 pelle·

249 4382 419 4447 bnntum-
435 4381 475 4437 sic

1297 310 1374 369 xm

820 502 996 567 wemno
1015 502 1168 565 editionis
1184 502 1358 582 intimis.

807 625 945 681 indecoris
1220 660 1223 665 -

809 712 850 780 [et
868 711 970 769 seditIo
987 712 1049 767 slne
1067 673 1203 785 sangnine
1223 714 1316 793 stetit]

807 874 939 945 proprius
957 874 1044 929 nandi
1062 894 1137 932 usus.

807 960 926 1015 iniuriae

808 1045 999 1101 centurionem
1016 1045 1155 1128 militesve

806 1131 995 1187 fidelissimum

807 1227 982 1282 praeponere
999 1208 1091 1280 potius
1109 1228 1166 1267 non
1177 1214 1351 1297 'peccaturos
1368 1294 1371 1298 ¹

807 1380 841 1417 ac
860 1362 938 1419 luere
955 1362 1046 1434 pretio

808 1440 836 1493 in
856 1453 988 1529 promptu

806 1516 987 1573 invitamenta

807 1613 879 1649 nova
897 1614 971 1667 pars,
988 1595 1037 1650 illo
1054 1594 1204 1651 illucessita
1220 1597 1373 1656 transierit.

807 1674 934 1744 Sequens
951 1673 1038 1727 hiems

807 1827 837 1881 in
857 1826 932 1881 bella
950 1826 1047 1883 faciles

807 1902 924 1973 legisse:
943 1905 1050 1958 nullum

809 1983 934 2049 [crebrae
953 1982 1123 2055 eruptiones]

807 2067 967 2131 supererat,
985 2069 1125 2115 secretum
1142 2067 1173 2115 nt
1190 2059 1338 2121 silentium.
1368 2064 1374 2069 '

807 2220 986 2285 percurrerat

808 2288 910 2344 differt.

807 2366 923 2437 egregia
942 2368 1044 2438 speeie.
1081 2366 1152 2423 Cum
1170 2369 1252 2426 simul

807 2521 968 2591 impellitur.

808 2607 1038 2669 compararentur
1063 2600 1224 2669 (Britannos
1243 2634 1278 2648 -
1297 2602 1375 2662 olau-

860 2678 999 2743 derelur):
1020 2679 1056 2731 ad
1074 2695 1172 2733 munus
1369 2682 1375 2689 ‘

808 2752 885 2809 ducis
898 2754 915 2784 Ι
924 2754 940 2785 ¹*
957 2753 1010 2809 rati

807 2829 995 2901 moriger-ante
1292 2872 1296 2880 .

808 2909 844 2962 ab
862 2926 936 2981 aqua
954 2917 1039 2982 atque
1059 2909 1135 2967 victu
1153 2911 1316 2972 laborantes
1365 2950 1376 2965 „

808 3064 968 3133 congressi;
987 3082 1020 3121 ae
1038 3083 1123 3139 saepe

808 3159 900 3212 eoque

807 3225 915 3284 terrae,
932 3226 961 3275 et
978 3238 1055 3275 mare

808 3306 960 3367 aggeratur
978 3316 1065 3353 onnus
1083 3298 1112 3354 in
1130 3297 1313 3355 trumentum:
1371 3305 1376 3310 ’

808 3457 965 3508 conterunt.

808 3527 836 3581 in
855 3528 1054 3599 poeniteutiam
1073 3528 1157 3583 laturi

806 3680 919 3738 vlnculo
1027 3692 1030 3699 '

808 3758 911 3813 circum
930 3766 1087 3830 spectantes

808 3835 846 3890 lbi
867 3836 973 3891 tribute

807 3915 923 3985 Iamque
945 3913 1057 3985 agmine
1075 3922 1104 3969 et
1121 3912 1259 3970 semorum
1280 3914 1377 3985 fulgo(

859 4010 917 4058 res3
947 3992 1137 4049 audentissimi
1156 3993 1290 4063 cuiusque
1310 4012 1373 4063 pro·

861 4088 942 4125 cursu
967 4069 1049 4125 simul
1073 4071 1262 4125 instruebatur
1284 4070 1375 4146 aciesr'

859 4166 923 4203 cum
1370 4187 1374 4193 -

807 4245 903 4291 ruere,
923 4224 1027 4299 pauida
1045 4231 1074 4280 et
1090 4224 1189 4285 Inertis
1201 4224 1269 4315 ipso
1287 4224 1375 4305 ogmi7

859 4306 902 4360 nis
920 4323 989 4361 sono
1008 4303 1164 4375 pelluntur:
1174 4302 1275 4365 εΙοΗ
