3067 4867
192 302 215 371 4
547 303 850 358 PROLEGOMENA.
885 303 968 359 cAP.
987 302 1010 360 l.

194 502 270 577 post
302 491 440 555 reditum
472 490 506 555 in
535 490 647 555 urbem
675 491 799 555 bomini
826 514 933 575 neque
959 490 1021 555 sibi
1051 513 1158 575 neque
1176 489 1261 555 filiae
1283 489 1360 553 satis

194 601 326 687 cognito
354 602 442 665 illam
464 601 689 687 despondisse.
733 602 980 666 Matrimonium
1001 602 1075 665 iniit
1096 601 1231 666 Tacitus
1255 622 1284 665 a.
1308 600 1359 666 78.

193 734 224 798 p.
256 711 350 788 Chr,
382 734 482 795 quum
513 713 585 797 ipse
614 722 726 794 ageret
755 733 874 775 annum
901 712 966 775 lere
991 712 1168 775 secundum
1191 721 1223 775 et
1243 709 1359 774 vicesi-

193 844 297 899 mum,
334 844 457 907 sponsa
490 821 649 885 decimum
683 831 850 904 quartum3
881 822 1037 905 quodque
1065 822 1105 885 de
1136 842 1249 885 socero
1278 819 1361 884 dixit

194 930 316 1017 (Agric.
347 931 383 1008 6,
416 931 476 1016 1.),
508 932 597 995 illum
626 930 772 996 Domitia
799 932 981 998 Decidiana
1008 932 1104 997 ducta
1136 931 1236 995 decus
1261 941 1359 1015 atque

192 1040 292 1105 robur
314 1039 375 1104 sibi
399 1041 440 1105 ad
463 1038 585 1104 maiora
607 1042 720 1105 nitenti
748 1041 965 1126 quaesivisse,
995 1041 1080 1105 idem
1114 1042 1153 1106 de
1175 1041 1250 1127 ipso
1272 1040 1358 1104 affir-

193 1150 272 1214 mari
305 1161 421 1236 potest.
474 1150 558 1214 Nam
593 1172 691 1234 quum
726 1152 766 1215 ad
799 1152 903 1237 ipsius
936 1151 1101 1236 egregiam
1133 1148 1276 1215 indolem
1304 1172 1358 1214 ae-

193 1260 323 1324 cederet
346 1259 424 1323 tanti
446 1259 519 1336 viri,
551 1271 690 1344 quantus
713 1261 870 1346 Agricola
891 1260 968 1336 fuit,
992 1260 1148 1338 affinitas,
1170 1260 1306 1324 multum
1324 1260 1358 1323 in

193 1390 230 1439 eo
254 1368 430 1434 adiumenti
451 1369 496 1433 illi
519 1370 560 1434 ad
583 1370 722 1435 honores
746 1371 955 1457 accipiendos
976 1370 1078 1435 fuisse
1101 1371 1281 1457 putandum
1300 1381 1357 1433 est.

193 1479 288 1562 Quos
303 1500 390 1553 vero,
414 1501 478 1563 quo
501 1492 646 1566 tempore
669 1491 766 1563 atque
789 1481 902 1544 ordine
924 1481 1069 1565 gesserit,
1092 1503 1159 1545 non
1182 1481 1259 1544 satis
1278 1502 1357 1544 con-

193 1599 271 1665 stat3
295 1610 369 1652 nam
392 1610 477 1673 quae
493 1589 621 1654 duobus
642 1590 722 1654 locis
742 1588 814 1675 ipse
837 1590 941 1655 obiter
961 1601 993 1656 et
1014 1591 1180 1657 indefinite
1201 1591 1243 1654 de
1268 1610 1306 1653 ea
1321 1610 1356 1655 re

192 1709 363 1776 memorat,
386 1721 453 1763 non
476 1697 640 1763 sufficiunt
663 1699 704 1762 ad
728 1700 856 1785 singula
878 1700 1093 1786 expedienda.
1136 1702 1221 1764 Hist.
1236 1700 1263 1777 I,
1282 1700 1310 1775 1,
1326 1700 1355 1763 3.

192 1810 287 1888 Mitt,
320 1808 441 1893 inquit,
477 1808 591 1887 Galba,
628 1808 722 1888 Otto,
756 1811 894 1875 Vitellius
923 1834 976 1874 nec
1005 1814 1145 1897 benerfieio
1166 1831 1220 1874 uec
1240 1812 1358 1873 iniuria

173 1921 320 2011 Ιοοριιιίἱ,
357 1921 535 2004 dignitatem
570 1930 709 1983 nostram
743 1945 762 1984 a
796 1922 986 2005 Vespasiano
1014 1922 1203 1999 inchoatam,
1236 1945 1256 1983 a
1288 1920 1357 1981 Tito

192 2041 329 2107 auctam,
359 2014 378 2091 a
408 2013 591 2091 Domitiano
617 2028 735 2113 longius
755 2042 935 2115 provectam
961 2054 1023 2093 non
1049 2033 1215 2094 abnuerim.
1260 2028 1355 2109 Quo-

190 2138 296 2202 minus
324 2138 376 2203 bic
406 2138 446 2202 de
477 2148 652 2221 quaestura
682 2140 947 2225 aVespasiano,
979 2140 1019 2204 de
1049 2140 1213 2204 aedilitate
1235 2164 1254 2205 a
1278 2139 1355 2202 Tito

191 2248 309 2312 collata
338 2248 536 2333 cogitemus,
567 2248 680 2312 aetatis
705 2248 813 2313 Taciti
839 2248 920 2313 ratio
952 2248 1074 2325 obstat3
1109 2272 1209 2333 quare
1230 2249 1356 2312 minora

167 2357 350 2455 [quaedam
372 2380 516 2433 munera,
541 2356 804 2422 adolescentibus
826 2359 981 2423 committi
1003 2359 1108 2435 solita,
1125 2361 1212 2424 velut
1226 2359 1354 2424 decem-

169 2456 308 2537 {viratus
338 2466 477 2531 stlitibus
508 2465 708 2545 iudicandis,
737 2469 788 2532 vel
810 2468 1063 2553 vigintiviratus,
1094 2469 1184 2555 quod
1213 2469 1355 2535 Hessius

169 2564 282 2679 pacate
304 2578 498 2664 suspicatur,
521 2576 732 2662 intelligenda
748 2578 906 2643 videntur.
948 2580 1048 2643 Anno
1071 2580 1121 2643 88.
1144 2602 1242 2663 quum
1260 2600 1353 2665 prae·

171 2680 240 2751 'tor
271 2687 366 2751 fuerit
399 2696 431 2751 et
463 2687 646 2752 sacerdotio
679 2688 957 2778 quindecimvirali
990 2690 1175 2775 praeditus,
1217 2701 1251 2753 ut
1282 2690 1355 2775 ipse

189 2796 286 2861 tradit
310 2799 395 2861 Ann.
418 2798 486 2874 XI,
509 2798 564 2875 11,
588 2798 633 2873 1.,
656 2798 791 2863 necesse
814 2810 862 2862 est
884 2799 924 2863 iis
948 2822 1079 2884 quoque
1101 2799 1354 2885 magistratibus,

190 2906 245 2991 qui
276 2891 460 2992 praeturam
490 2908 707 2993 praecedunt,
740 2908 826 2974 velut
858 2920 1032 2992 quaestura
1060 2922 1159 2995 atque
1190 2910 1354 2974 tribunatu

172 3015 312 3115 ,plebis‚
346 3015 405 3081 sub
432 3016 623 3081 Dom11ano
654 3016 783 3082 iunctus
813 3018 863 3087 sit
908 3021 1005 3084 Anno
1037 3032 1114 3105 post
1140 3020 1227 3085 haud
1256 3019 1354 3084 dubie

174 3116 387 3219 provinciam
416 3101 611 3213 praetoriam
639 3138 670 3192 et
697 3128 828 3212 quidem
851 3152 910 3215 per
935 3129 1181 3214 quadriennium
1205 3129 1353 3204 obtinuit,

175 3233 222 3299 'id
257 3236 346 3320 quod
379 3236 541 3321 colligitur
571 3259 688 3315 exeo,
719 3239 865 3321 quod1n
888 3241 999 3325 Agric
1022 3262 1047 3305 c.
1070 3241 1125 3314 45,
1156 3240 1203 3315 6.,
1233 3239 1288 3304 ubi
1312 3239 1353 3303 de

188 3357 290 3409 morte
325 3346 429 3411 soceri
460 3346 539 3411 dicit
571 3369 599 3415 a.
629 3347 680 3411 98.
710 3348 845 3426 mortui,
884 3350 1028 3433 queritur
1060 3372 1132 3414 eum
1166 3349 1228 3413 sibi
1255 3358 1354 3433 atque

188 3455 281 3520 uxori
310 3457 417 3541 tonpae
443 3459 595 3522 absentiae
625 3460 798 3523 condicione
824 3461 887 3522 iam
914 3472 983 3523 ante
1005 3462 1243 3543 quadriennium
1265 3462 1354 3524 amis-

188 3588 255 3629 sutn
277 3589 347 3629 esse.

274 3674 381 3741 Caeso
407 3675 614 3753 Domitiana,
647 3699 746 3761 quum
777 3677 836 3743 sub
855 3678 963 3743 Nerva
984 3690 1017 3743 ct
1037 3678 1181 3744 Traiano
1203 3679 1352 3745 felicissi-

188 3808 275 3849 mum
299 3786 442 3850 seculum
464 3785 621 3871 inciperet
643 3786 697 3871 (ci.
722 3788 833 3873 Agrie.
858 3810 883 3854 c.
905 3788 970 3871 3.),
1000 3788 1144 3874 bonique
1166 3811 1279 3855 omnes
1300 3812 1352 3853 re-

189 3894 365 3981 spirarent,
395 3896 529 3960 Tacitus
553 3918 702 3981 quoque,
726 3897 782 3980 qui
805 3898 991 3984 prudentia,
1016 3899 1189 3983 obsequio,
1225 3899 1353 3964 silentio

188 4005 275 4070 saevi
307 4006 435 4089 tyranni
470 4006 551 4070 iram
585 4007 758 4093 effugerat,
798 4008 943 4072 meritam
977 4009 1167 4095 dignitatern
1203 4009 1352 4086 obtinuit,

165 4120 207 4217 {a
228 4114 336 4180 Nerva
360 4136 387 4182 a.
410 4116 460 4183 97.
482 4117 514 4179 in
537 4116 644 4181 locum
667 4118 784 4182 mortui
807 4118 949 4184 consulis
973 4118 1120 4203 Verginii
1142 4119 1228 4196 Rufi,
1257 4143 1352 4204 quem

168 4224 453 4309 {eloquentissime
475 4249 535 4313 pro
558 4227 677 4291 nostris
698 4228 886 4294 laudaverat
907 4230 958 4311 (cf.
980 4230 1067 4296 Plin.
1088 4230 1351 4317 upp.11,1‚o.)‚

167 4275 351 4401 lsuffectus.
397 4336 542 4403 Senatus
568 4338 757 4403 auctoritate
785 4339 846 4403 sub
876 4340 1016 4406 Traiano
1044 4342 1193 4407 restituta
1222 4364 1250 4408 a.
1281 4342 1351 4407 100.
