3067 4867
194 287 256 362 lta
609 287 795 353 coenatu
814 285 940 352 'taem

191 482 276 568 tegri
307 481 514 551 testinatione
540 486 695 551 victoriae
728 485 1003 572 relinquebantur.
1052 483 1186 550 Interim
1217 483 1389 574 equitume

191 602 332 671 turmae,
366 604 401 659 ut
431 594 544 682 fugere
576 596 772 673 covinnarii,
802 596 949 683 peditum
976 616 1011 659 se
1039 596 1164 682 proelio
1194 598 1363 674 miscuere,

193 713 225 768 et
256 726 453 792 quamquam
486 715 647 772 recentem
680 719 836 773 terrorem
872 705 1066 782 intulerant,
1108 706 1218 772 densis
1256 719 1362 773 tamen

192 814 333 879 hostium
361 815 546 900 agminibus
573 828 606 883 et
631 817 858 905 inaequalibus
886 815 967 882 loeis
989 814 1181 893 haerebant3
1214 817 1362 882 minime-

191 947 256 1012 que
277 948 381 1013 aequa
402 927 521 991 nostris
543 949 581 992 ea
602 927 666 991 iam
682 949 813 1015 pugnae
828 927 929 992 iacies
944 935 1020 1002 erat,
1044 949 1144 1013 quum
1159 949 1256 1014 aegre
1278 928 1360 994 clivo

191 1036 356 1101 adstantes
382 1037 476 1101 simul
505 1059 661 1122 equorum
687 1037 880 1126 corporibus
907 1036 1165 1124 impellerentur;
1201 1059 1239 1103 ae
1262 1060 1385 1125 saepes

189 1146 265 1232 vagi
293 1169 423 1225 currus,
454 1148 597 1212 exterriti
625 1149 695 1212 sine
721 1147 901 1213 rectoribus
932 1149 1025 1233 equi,
1056 1157 1091 1211 ut
1113 1169 1275 1235 quemque
1297 1150 1363 1213 for·

190 1257 279 1322 mido
301 1258 432 1334 tulerat,
454 1268 657 1323 transversos
681 1268 736 1322 aut
759 1258 873 1323 obvios
896 1257 1112 1322 incursabant.

275 1367 462 1433 XXXVII.
489 1369 534 1432 Et
549 1368 704 1446 Britanni,
729 1369 786 1453 qui
805 1368 911 1433 adhuc
927 1387 1059 1452 pugnae
1074 1377 1224 1454 expertes
1240 1391 1364 1434 sururna

190 1475 320 1542 collium
349 1477 536 1544 insederant
564 1490 596 1544 et
617 1479 814 1566 paucitatem
836 1487 1019 1543 nostrorum
1042 1477 1132 1542 vacui
1156 1478 1362 1565 spernebant,

191 1587 327 1674 degredi
354 1588 511 1674 paulatim
536 1600 568 1654 et
591 1589 758 1654 circumire
781 1599 872 1674 terga
890 1587 1086 1653 vincentium
1109 1598 1301 1675 coeperant,
1328 1590 1362 1653 ni

216 1773 401 1840 festinatione
427 1775 573 1846 uictoriae]
602 1774 620 1829 i.
639 1792 663 1830 e.
687 1775 753 1846 quia
797 1775 939 1827 tummodo
967 1771 1128 1843 exponitur,
1153 1777 1293 1844 quomodo
1312 1793 1361 1845 pe·

191 1851 291 1906 milites
313 1852 457 1908 victoriam
474 1853 644 1908 festinabant
662 1875 695 1902 =
715 1853 753 1906 vi·
796 1852 868 1904 dites
886 1852 1011 1904 Romani
1028 1852 1224 1907 laboraverint.
1263 1852 1358 1916 Quare

189 1927 294 1983 ctoriae
311 1929 412 2002 cupide
431 1931 578 1984 instabant.
797 1927 927 1998 palmaris
955 1926 1046 1982 Wexii
1073 1936 1114 1982 est
1140 1931 1296 1985 emendatio
1316 1949 1362 1984 ae·

796 2023 853 2074 qao
875 2006 977 2058 nostris
1002 2005 1077 2073 iam,
1104 2023 1187 2075 quam
1213 2007 1250 2061 ita
1276 2009 1362 2064 secuti

797 2101 905 2147 sumus,
931 2091 962 2135 ut
985 2100 1033 2147 ea,
1058 2085 1133 2152 quod
1155 2083 1183 2137 in
1207 2086 1287 2140 codd.
1312 2094 1362 2153 est,

797 2159 986 2214 retineremus.
1027 2158 1129 2214 Sensus
1148 2161 1201 2216 loci
1225 2171 1281 2216 est:
1315 2165 1362 2216 ad·

223 2046 247 2096 3.
273 2041 404 2111 wadum]
425 2059 462 2096 sc.
480 2042 677 2095 Romanorum.

222 2126 252 2171 at
260 2119 366 2186 fugere
375 2119 540 2184 actionarii,
551 2119 676 2189 peditam
688 2117 751 2185 ete}

190 2193 252 2249 Vat.
273 2200 302 2250 Γ.
325 2200 359 2250 Δ.
387 2197 507 2266 madum
536 2205 643 2250 mamae
662 2196 755 2262 fraqi:

187 2272 483 2343 emma-pedm
496 2281 558 2337 em,
576 2282 606 2326 et
617 2271 658 2326 ⁸3⁰
670 2271 754 2324 etiam
798 2244 880 2290 ventu
906 2237 1030 2306 equitum
1054 2237 1257 2304 Romanorum,
1286 2240 1363 2312 pedi·

188 2347 298 2404 Puteol.
310 2381 343 2389 —
362 2353 404 2417 Ut,
423 2352 468 2405 vel
486 2351 540 2418 ubi,
557 2349 694 2405 excidisse
713 2348 754 2438 vi:
798 2323 855 2445 ἒῗὶἓ
874 2314 1363 2464 ΞὲίἰῙᾞΜῖθιέᾒῗέῧίῗὲὲξὲῃ,ἇὲ-

189 2426 231 2480 dit
260 2426 446 2482 Doederlinus
479 2436 508 2483 et
532 2427 676 2492 Halmius,
706 2445 753 2498 qur
796 2469 884 2520 nime
910 2485 1025 2537 aequa
1049 2486 1163 2538 pumma
1187 2473 1280 2536 facia
1310 2481 1351 2526 est

796 2562 881 2614 quum
901 2545 988 2598 altera
1007 2561 1070 2615 pars
1088 2547 1210 2614 laborat;
1236 2549 1270 2604 cf.
1284 2512 1361 2603 Caesi

796 2622 828 2677 B.
850 2623 884 2676 G.
903 2625 970 2685 Vll,
996 2626 1044 2684 48,
1064 2627 1087 2679 4.
1125 2627 1202 2679 Erat
1225 2627 1362 2680 Romanis

795 2717 844 2753 uec
868 2701 929 2755 loeo
952 2716 1000 2758 nec
1017 2715 1130 2757 numero
1148 2719 1263 2774 aequa
1280 2721 1360 2757 con-

796 2779 917 2837 testie.

189 2503 271 2558 etiam
289 2501 541 2576 interpunctionem
562 2506 752 2560 emendarunt.

216 2582 359 2653 peditum]
371 2601 408 2638 sc.
421 2583 619 2639 Romanorum.
642 2579 754 2652 Quippe

189 2660 297 2729 equites
316 2661 342 2714 in
363 2660 494 2715 cornibus
513 2659 655 2731 dispositi,
676 2659 753 2728 fuga-

189 2735 223 2790 tis
244 2737 424 2805 covinnariia,
443 2737 497 2792 iarn
518 2736 628 2809 pedites
648 2735 677 2790 iu
696 2753 752 2790 me-

188 2813 235 2868 dia
249 2815 309 2870 acie
326 2824 484 2887 pugnantes
504 2816 677 2869 adiuverunt.

222 2901 247 2946 et
272 2911 439 2963 quemquam
462 2902 596 2948 recentem
619 2891 754 2945 terrorem
830 2907 913 2959 seqre
930 2893 1002 2948 oliuo
1021 2893 1174 2956 adstantes]
1194 2890 1259 2948 Vat.
1278 2897 1308 2948 Γ.
1326 2895 1359 2944 Δ.

189 2970 252 3038 eta]
272 2969 288 3023 iv
317 2989 341 3025 e.
369 2979 397 3026 et
421 2987 589 3042 quamquam
606 2969 752 3038 inopinato
796 2982 864 3034 eyru
899 2971 950 3024 dia
987 2978 1036 3025 aut
1065 2979 1160 3024 stante.
1214 2969 1359 3023 Broterius

187 3065 221 3101 uc
239 3049 384 3118 repentino
408 3050 510 3119 impetu
531 3047 681 3101 Britannos
698 3053 752 3100 ter·
796 3061 879 3114 seqre
902 3048 953 3102 dia
979 3056 1097 3116 stantes,
1131 3048 1206 3118 quod
1232 3045 1359 3117 plerique

187 3134 315 3190 ruerant,
339 3134 431 3179 umen
457 3135 485 3180 et
510 3124 561 3196 ipsi
581 3123 752 3195 aliquantum
795 3132 969 3196 receperunt.
1033 3125 1167 3180 Codicum
1209 3123 1359 3178 lectionem

187 3203 374 3258 turbabantur
403 3202 432 3258 iu
454 3205 539 3257 densa
562 3201 682 3256 hostiurn
703 3219 751 3272 ag·
795 3218 877 3255 sensu
919 3210 1058 3258 carentem
1094 3203 1166 3256 bene
1203 3200 1360 3257 emendavit

187 3281 263 3334 mina
282 3280 435 3336 incidentes
453 3288 481 3336 et
500 3278 693 3351 inaequalibus
711 3279 752 3333 lo·
796 3277 932 3335 Trillerus
956 3281 1039 3335 Obss.
1065 3298 1092 3350 p.
1111 3285 1184 3344 224„
1209 3279 1260 3334 nisi
1284 3283 1360 3350 quod

188 3359 227 3412 cis
245 3357 377 3428 impediti.
794 3375 847 3428 pro
865 3365 976 3426 stantes,
995 3360 1071 3430 quod
1090 3357 1112 3410 is
1125 3358 1219 3424 habet,
1238 3355 1360 3412 seriben-

222 3436 351 3505 boatium]
371 3454 408 3492 se.
426 3433 631 3491 Britannorum.
796 3435 860 3488 dum
878 3435 1021 3488 adstantes
1028 3456 1039 3504 ,·
1062 3433 1089 3489 id
1114 3435 1187 3488 enim
1211 3442 1240 3487 et
1268 3441 1360 3488 osten·

220 3515 385 3584 minimeque
407 3530 497 3583 aequa
521 3513 677 3566 nostrised
695 3510 753 3564 iem
796 3511 837 3564 dit
857 3512 1034 3583 corruptelae
1053 3511 1123 3566 ratio
1143 3511 1260 3582 (quippe
1284 3529 1319 3565 ex
1343 3529 1359 3564 u

182 3608 296 3662 pugnae
328 3591 427 3659 facias
456 3592 527 3658 mut]
567 3590 629 3645 Vat.
659 3595 688 3644 Γ,
719 3593 752 3644 Δ.
795 3590 837 3642 ud
857 3598 951 3644 uatum
973 3597 1035 3658 aet,
1061 3608 1095 3644 ex
1115 3589 1228 3643 residuo
1247 3589 1304 3643 eliu
1321 3590 1361 3642 fa·

185 3673 294 3740 ruitque
320 3675 513 3739 equestres,
541 3685 583 3722 eu
612 3667 700 3721 enim
721 3684 753 3736 p.
798 3674 870 3722 ctum
891 3668 969 3735 diss),
988 3665 1120 3738 etposcit
1137 3665 1275 3721 sententia
1293 3665 1361 3738 ipsa.

180 3751 209 3817 f.
235 3767 277 3818 e.,·
303 3747 456 3802 Rhenanus
484 3746 649 3814 minimeque
674 3761 752 3813 eque·
796 3743 867 3798 Nam
895 3763 980 3815 quum
1007 3743 1127 3798 hostium
1156 3743 1275 3798 maxima
1298 3761 1361 3815 pars

186 3827 253 3882 strab
270 3843 304 3880 θα
317 3844 348 3896 p.
361 3826 428 3894 s.e.
459 3823 503 3878 De
521 3821 643 3892 equestri
653 3839 752 3892 paena
790 3822 1136 3892 peruccliueiuqam
1156 3822 1308 3891 inserperet
1326 3823 1360 3890 (c.

187 3905 233 3959 hic
252 3901 369 3974 cogitari
388 3919 444 3956 non
463 3918 544 3972 posse
562 3907 619 3953 tum
637 3916 672 3952 eo
690 3900 750 3969 pla·
795 3906 836 3965 35,
854 3903 897 3968 2.l,
915 3897 943 3953 in
963 3901 1058 3956 oculos
1077 3899 1193 3954 incurrit
1210 3900 1361 3963 Romanos,

185 3981 299 4037 nissime
318 3990 403 4052 patet,
423 3980 500 4050 quod
513 3975 620 4048 equites
632 3975 749 4030 Romani
796 3977 844 4048 qui
875 3977 937 4033 illos
963 3980 1196 4048 aggrederentur,
1224 3994 1281 4032 nen
1309 3984 1361 4030 ste·

186 4078 248 4115 curu
276 4058 417 4131 peditibus
436 4054 573 4111 coniuncti
598 4054 753 4125 inpeditas
795 4056 860 4109 tissa
879 4055 909 4108 iu
927 4055 1015 4119 cliuo,
1042 4057 1092 4110 sed
1114 4055 1186 4109 cliuo
1209 4054 1358 4111 adstitisse.

186 4139 270 4193 modo
293 4137 493 4191 Britannorum
518 4133 651 4204 impetum
678 4131 753 4186 fece·
796 4134 880 4198 Quod
904 4133 993 4203 ipsum
1015 4151 1098 4205 quum
1125 4149 1208 4201 capre
1226 4133 1359 4198 facerent,

185 4223 259 4279 runt,
278 4231 380 4283 neque,
399 4211 568 4268 covinnariis
580 4207 656 4272 susis,
672 4225 753 4280 prae·
794 4209 910 4283 insuper
929 4209 1058 4266 immixtis
1075 4209 1215 4281 equitibus
1234 4209 1289 4263 suis
1310 4209 1360 4261 im·

186 4302 265 4347 tersa
293 4291 401 4360 equites
432 4289 465 4344 iis
494 4288 581 4346 fuisse
610 4294 752 4342 narratum
790 4288 985 4359 pellebantur,
1012 4296 1043 4342 ut
1069 4289 1162 4342 locum
1190 4296 1286 4342 tenere
1312 4286 1359 4340 vix

186 4377 242 4439 est,
260 4376 319 4425 tum
344 4369 420 4441 quod
438 4367 468 4422 in
493 4365 673 4442 sequentibus
691 4371 752 4421 tan·
794 4376 918 4442 possent.
936 4366 1088 4423 Continent
1100 4364 1184 4440 igitur
1195 4365 1360 4421 hasevesba
