3067 4867
197 344 218 412 s
540 341 844 401 monacumnun.
882 344 964 401 cnr.
982 343 1021 401 11.

198 524 321 579 certum
341 525 404 593 est,
425 513 567 600 licetque
587 515 631 580 da
652 537 691 580 aa
711 538 745 580 re
766 527 878 582 nostra
898 515 1004 582 iacere
1025 515 1094 580 eius
1117 513 1215 581 verba
1236 535 1263 583 c.
1284 517 1316 594 3,
1335 516 1367 583 4.

198 627 301 708 „qaod
319 647 414 708 neque
435 629 616 712 confirmare
636 630 824 712 argumentis
845 626 1097 712 sequereturne
1118 628 1150 691 s'u
1171 629 1276 692 ornato
1294 631 1367 692 cst.“

198 734 238 799 In
262 734 445 800 universum
475 748 581 801 tamen
608 736 737 802 modice
761 736 897 802 aliorum
919 736 1140 802 auctoritatem
1162 749 1292 802 secutus
1319 735 1368 799 vi-

199 844 309 922 detur,
339 865 446 931 neque
470 867 583 911 eorum
609 847 820 933 opinionibus
849 846 1003 912 maiorem
1031 869 1128 931 quam
1155 869 1215 912 suo
1245 845 1368 912 iudicio

197 955 296 1020 iidem
321 954 481 1022 tribuisse.
529 956 700 1043 Numqui
729 957 919 1044 incorrupto
948 975 1047 1022 sensu
1073 978 1179 1042 neque
1208 966 1368 1042 occupato

199 1064 428 1152 praeiudicatis
461 1065 673 1152 opinionibus
708 1069 816 1135 animo
849 1067 1056 1135 Germaniam
1087 1066 1220 1153 legerit,
1257 1066 1302 1131 ita
1335 1087 1370 1130 se

198 1174 349 1240 affectum
381 1174 515 1254 sentiet,
546 1188 584 1242 ut
614 1179 752 1244 fateatur
782 1177 925 1245 libellum
958 1177 1021 1244 sibi
1052 1199 1119 1244 non
1152 1200 1193 1244 ex
1224 1176 1370 1242 collectis

200 1285 343 1371 priorum
379 1286 574 1372 scriptorum
612 1288 853 1356 narrationibus
895 1288 1113 1375 compositum
1149 1288 1269 1366 videri,
1310 1286 1370 1352 sed

199 1396 354 1481 pleraque
382 1409 563 1462 accuratam
589 1421 696 1465 rerum
724 1398 982 1466 observationem
1011 1419 1050 1465 ac
1079 1398 1372 1486 perscrutationem

199 1505 348 1592 prodere.

709 2043 798 2116 One.
819 2045 864 2111 Π.

433 2202 474 2263 be
494 2199 585 2263 bretti
607 2199 638 2262 ir
660 2201 811 2264 tenberis
834 2201 983 2263 ternanta
1007 2200 1135 2266 anille.

283 2394 350 2460 Vix
378 2392 463 2459 nllus
489 2391 572 2459 liber
601 2403 663 2472 est,
692 2393 735 2459 de
761 2393 854 2460 cuius
883 2393 1020 2460 consilio
1048 2393 1173 2480 plures,
1201 2391 1372 2479 magisque

200 2505 434 2590 discrepantes,
456 2515 505 2582 et,
527 2513 563 2568 ut
585 2525 660 2570 vere
681 2504 802 2582 diem,
824 2503 1031 2570 absurdiores
1052 2497 1232 2570 sententiae
1254 2526 1274 2568 a
1295 2499 1389 2568 viris

200 2615 305 2682 doctis
334 2615 479 2701 prolatae
509 2615 591 2693 sint,
621 2637 719 2700 quam
746 2615 856 2681 Taciti
882 2616 1065 2683 Germania
1119 2614 1196 2680 Non
1224 2614 1372 2680 videntes

199 2726 286 2792 enim
307 2725 466 2804 editores,
492 2725 583 2811 quod
604 2738 681 2791 ante
703 2725 816 2792 oculos
839 2737 903 2806 est,
930 2747 1037 2811 neque
1060 2725 1166 2812 planis
1189 2735 1222 2789 et
1245 2724 1371 2810 simpli-

103 2831 109 2836 ’
200 2836 292 2903 cibus
330 2835 474 2901 contenti
511 2836 728 2902 reconditiora
764 2859 804 2903 ac
838 2835 1026 2904 sublimiora
1060 2844 1254 2921 quaerentes
1291 2835 1373 2900 mira

199 2946 400 3014 somniorum
420 2956 602 3012 commenta
623 2950 864 3034 excogitarunt,
886 2946 1004 3033 quibus
1024 2967 1132 3012 veram
1152 2945 1259 3010 Taciti
1279 2965 1371 3010 men·

199 3069 265 3122 tem
296 3055 414 3143 aperiri
446 3055 666 3142 opinarentur.
725 3057 827 3139 Quod
861 3079 902 3123 ne
938 3066 1058 3124 temere
1095 3055 1218 3122 dixisse
1250 3055 1371 3133 videar,

198 3167 329 3255 potiora
350 3177 474 3233 tantum
495 3189 593 3252 quum
614 3165 804 3234 brevissime
825 3183 942 3255 potero
963 3165 1151 3234 recensebo.

284 3276 430 3360 Quidam
450 3276 562 3362 igitur⁸
576 3277 689 3343 volunt
710 3279 863 3345 Tacitum
888 3301 954 3344 non
978 3279 1041 3344 alia
1068 3300 1103 3344 re
1126 3299 1224 3364 quam
1247 3298 1372 3340 summa

203 3389 430 3456 Germane-am
450 3390 656 3454 admiratione
676 3403 705 3456 ct
725 3413 830 3456 amore
861 3394 972 3475 (quem
993 3389 1049 3455 ubi
1072 3387 1275 3475 conceperit,
1304 3409 1371 3452 non

199 3498 325 3583 dicunt)
346 3496 522 3586 impulsum
542 3497 653 3576 inisse,
675 3508 726 3578 ut,
747 3503 834 3585 quae
856 3522 968 3566 eorum
990 3508 1088 3578 terra,
1110 3511 1225 3586 gentes
1246 3517 1369 3563 mores-

198 3632 263 3698 que
285 3619 410 3688 essent,
438 3610 615 3676 memoriae
637 3610 807 3697 proderet,
837 3613 945 3676 etita
975 3610 1215 3696 quodammodo
1245 3606 1370 3674 virtutis

198 3743 311 3786 eorum
335 3732 579 3786 monumentum
606 3720 771 3788 conderet
819 3720 888 3788 Sed
909 3719 983 3807 quis
1011 3731 1080 3785 tum
1107 3719 1142 3782 in
1168 3719 1271 3784 forma
1297 3717 1371 3785 libri

199 3842 267 3895 tum
297 3830 333 3895 in
360 3847 552 3916 argumento
581 3830 817 3917 panegyricum
847 3831 1029 3918 agnoscat?
1074 3828 1177 3912 Quod
1204 3830 1306 3894 multa
1335 3829 1370 3893 in

199 3940 376 4008 Germania
398 3940 565 4028 leguntur,
594 3963 679 4027 quae
701 3940 852 4006 Tacitum
880 3941 1013 4008 budare
1039 3955 1072 4006 et
1097 3937 1281 4026 approbare
1310 3963 1370 4025 ap-

78 4093 80 4097 ·
118 4089 121 4093 ’
198 4060 306 4137 paret,
335 4051 537 4117 confundunt
561 4051 611 4116 illi
638 4052 816 4137 ingenuum
838 4052 983 4118 veritatis
1004 4071 1162 4130 amorem,
1190 4049 1270 4117 nibil
1291 4049 1371 4116 boni

199 4160 357 4227 calamam
373 4172 428 4225 aut
445 4161 657 4239 minuentem,
677 4183 751 4228 cum
769 4161 983 4229 admiratione
1000 4171 1033 4228 et
1051 4159 1228 4228 extollendi
1249 4160 1369 4240 studio,

198 4294 219 4335 a
246 4292 312 4355 quo
344 4293 439 4336 nemo
471 4273 587 4339 Tacito
618 4273 751 4360 longius
784 4272 883 4339 abest
936 4272 1021 4353 Sed,
1053 4271 1144 4359 quod
1176 4269 1291 4338 maius
1310 4270 1371 4353 est,

198 4400 333 4468 prorsus
354 4377 588 4448 obliviscuntur
610 4403 685 4449 eum
710 4403 770 4470 per
792 4385 902 4450 omnia
922 4390 1096 4450 serumst
1121 4381 1248 4470 antiqui
1270 4381 1371 4450 moris
