3067 4867
211 387 254 456 30
591 432 596 441 ,
629 382 814 441 connum
834 385 966 443 mem

214 560 358 627 omnium
384 557 529 623 virorum
555 557 686 623 fortium
714 557 790 623 ituri
819 558 852 623 iu
879 559 1002 645 proelia
1030 568 1157 629 cedunt.
1206 560 1291 650 Sunt
1317 562 1384 629 illis

211 671 292 735 heeo
314 692 446 758 qnoque
468 668 624 745 cermina,
647 652 926 768 quorum'relatu,
949 692 1045 755 quem
1066 672 1229 743 harditum
1250 686 1409 750 vocante

211 782 393 849 accendunt
424 780 565 865 mimos,
595 779 787 866 futureeqvie
820 802 953 868 pugnae
982 782 1144 853 fortunam
1176 782 1252 871 ipso
1282 794 1384 869 centu

210 905 418 995 augurentur.
471 890 611 956 Terrent
642 890 728 957 euim
759 876 980 993 trepidantve,
1015 904 1113 980 prout
1144 894 1254 961 sonuit
1285 895 1383 973 acies,

209 1025 271 1069 neo
284 1014 352 1068 tem
366 1024 462 1093 voees
480 1001 556 1067 illse
570 1024 670 1089 quem
690 995 815 1067 virentis
837 1003 1191 1073 concentunvidentur.
1233 1006 1383 1076 Affectu-

135 1159 138 1163 ι
210 1127 262 1179 tur
282 1114 459 1207 praecipue
479 1100 636 1199 asperitas
659 1112 731 1177 soni
755 1111 790 1178 et'
807 1113 943 1179 fructum
965 1102 1261 1194 murmur'obiectis
1284 1116 1326 1181 ed
1344 1139 1382 1182 oa

210 1226 320 1302 scutis,
344 1207 415 1311 quo*
433 1223 560 1311 plenior
582 1237 614 1298 et
635 1223 765 1310 gravior
786 1246 850 1289 vox
871 1246 1064 1313 repercussu
1086 1225 1287 1291 intumescet.

294 1334 446 1402 Ceterum
475 1345 508 1400 et
533 1334 664 1401 Ulixem
693 1334 827 1422 quidam
856 1338 1030 1423 opinantur
1056 1336 1157 1422 longo
1185 1336 1241 1403 illo
1269 1346 1303 1403 et
1330 1337 1406 1402 ie·3

208 1446 325 1512 buloso
357 1467 464 1511 errore
495 1445 530 1510 in
558 1444 644 1511 hunc
674 1445 848 1511 Oceanum
877 1446 1018 1513 delatum
1048 1447 1156 1513 edisse
1184 1447 1381 1515 Germaniae

208 1650 297 1707 Moris
317 1649 393 1703 viros
413 1650 502 1705 fortes
522 1650 641 1705 canendi
659 1649 773 1705 Tecitus
815 1648 886 1705 Rem
904 1650 994 1721 ipsam
1013 1659 1209 1707 commemoret
1224 1652 1292 1708 Tee.
1305 1652 1381 1707 Hist

207 1730 268 1800 ipse
283 1730 367 1783 effert
383 1728 541 1799 exemplum
553 1726 684 1793 Arminii,
703 1728 773 1782 libe-
816 1728 865 1793 IV,
885 1734 925 1795 18,
943 1734 968 1783 5.
999 1728 1033 1781 Ut
1050 1728 1174 1783 uirorum
1194 1738 1313 1799 cautu,
1331 1733 1381 1797 se·

207 1807 310 1862 retoris
328 1804 507 1870 Germaniee,
532 1805 605 1860 Anu.
624 1805 667 1872 Π,
685 1810 727 1870 88,
747 1811 772 1861 3.
814 1806 955 1859 musarum
970 1805 1083 1861 meum
1098 1808 1220 1860 renuit
1239 1808 1347 1861 acies.

209 1886 381 1955 andurque
407 1883 501 1937 adhue
527 1884 666 1937 horbem
693 1884 774 1953 opud
848 1900 899 1937 neo
917 1890 974 1937 tam
996 1900 1075 1937 norea
1098 1883 1168 1939 illae
1186 1915 1221 1925 -
1239 1886 1381 1954 videsue}

206 1972 307 2033 penem.
816 1959 1002 2016 Grammatico
1030 1962 1179 2017 verborum
1207 1962 1279 2017 ratio
1309 1964 1381 2018 heee

241 2046 266 2096 2.
289 2042 359 2093 daec
374 2068 409 2077 -
429 2037 567 2106 carmine]
598 2037 617 2094 i.
640 2054 664 2092 e.
689 2038 772 2106 talia,
815 2044 872 2102 est,
891 2044 922 2091 ut
939 2038 1009 2093 illae
1026 2038 1181 2097 subiectum
1200 2038 1250 2103 ait,
1274 2039 1381 2111 quippe

206 2117 346 2173 riumodi
361 2116 504 2182 carmine,
527 2131 598 2183 quse
617 2113 684 2183 quie
702 2114 772 2169 mul·
815 2114 893 2171 ouius
916 2132 1005 2185 genus
1024 2132 1074 2184 per
1096 2116 1292 2173 attractionem
1317 2134 1381 2173 cum

207 2203 265 2249 tum
285 2194 396 2247 diverse
418 2201 484 2247 sunt
506 2208 524 2245 a
542 2190 716 2261 vulgaribus,
741 2192 770 2245 in
813 2191 969 2265 praediceti
985 2210 1090 2262 genere
1106 2201 1255 2263 aequatum
1272 2192 1308 2248 sit
1333 2194 1381 2262 (cl.

206 2270 341 2343 proximis
376 2269 579 2324 describuntur.
636 2270 772 2325 Carmina
814 2278 840 2336 5,
858 2276 883 2327 2.
904 2275 944 2335 13,
962 2275 1030 2327 3.4.
1052 2276 1092 2334 18,
1110 2276 1136 2325 3.
1155 2276 1198 2335 31,
1218 2276 1242 2327 3.
1260 2274 1310 2338 32,
1328 2273 1382 2340 2.);

207 2347 281 2403 enim
302 2350 330 2401 h.
348 2346 366 2403 l.
387 2364 445 2401 non
468 2345 662 2415 intelliguntur
686 2348 771 2401 verbe
815 2347 927 2418 proprie
951 2347 1025 2403 enim
1043 2348 1191 2403 dicendum
1211 2354 1287 2404 erat:
1313 2366 1382 2417 „aee

207 2424 318 2496 poetice
331 2425 452 2481 numeris
466 2424 588 2489 astricte,
601 2426 652 2479 sed
665 2432 771 2480 tentum
813 2434 872 2481 tam
894 2424 999 2481 illud
1021 2425 1077 2493 (eo.
1096 2428 1173 2496 qreod
1191 2425 1268 2479 aciae
1289 2435 1382 2495 conat,

206 2509 387 2559 cononem
397 2503 534 2557 olumoree
543 2502 771 2572 amificioeoqeo-
813 2503 871 2557 eine
888 2503 938 2557 ille
955 2502 1083 2557 horditus
1082 2504 1101 2573 )
1116 2520 1215 2559 necea
1233 2533 1267 2549 -.
1284 2504 1381 2559 niden·

206 2582 274 2635 dam
290 2580 375 2633 modo
394 2580 500 2635 euhion
522 2580 630 2648 (Germ.
649 2580 771 2649 Serges·
812 2580 885 2637 ter.“
926 2580 1029 2635 Sensus
1054 2577 1139 2650 igitur
1162 2588 1218 2637 eet:
1244 2580 1294 2635 dle
1316 2582 1381 2635 bor·

205 2657 329 2724 veiseu).
813 2658 889 2713 deus
908 2675 966 2711 nea
983 2666 1040 2713 tam
1057 2657 1147 2720 verbis
1166 2665 1287 2726 cernatur,
1309 2675 1382 2727 queue

240 2752 358 2806 quorum
373 2733 475 2803 relatu]
494 2733 511 2787 i.
525 2751 549 2789 e.
563 2735 662 2805 quietae
679 2735 772 2791 editu.
812 2735 973 2791 meantium
990 2736 1090 2789 labent
1109 2743 1135 2789 et
1152 2742 1305 2804 cormeum,
1329 2737 1381 2791 esd

239 2812 392 2881 beatem]
409 2812 452 2865 Ite
470 2813 533 2865 eod.
553 2811 586 2865 P.
603 2829 668 2867 cum
684 2812 771 2881 longe
813 2813 922 2869 elamor
941 2814 1085 2867 nemiuem
1102 2813 1163 2867 eine
1181 2813 1281 2878 corbin
1302 2814 1381 2869 redu

205 2889 348 2962 plurimie;
389 2888 472 2958 pauci
501 2889 645 2945 Bonam.
694 2889 771 2954 Quid
812 2892 855 2945 eie
877 2892 946 2945 leaeo
970 2906 1028 2945 aeae
1049 2889 1174 2960 Mean,
1196 2898 1228 2944 et
1250 2890 1380 2946 nimum

205 2967 344 3037 significet
359 2967 510 3021 obaccrum
522 2967 696 3032 vocabulum,
714 2967 771 3022 dici
808 2972 927 3041 prodat.

206 3044 319 3113 nequit3
344 3042 492 3113 quominus
516 3060 584 3099 vero
608 3045 644 3097 de
669 3062 771 3115 cogue·
847 3048 996 3117 effectetur
1013 3074 1047 3085 -
1064 3044 1216 3115 oeperdtae]
1236 3044 1255 3099 i.
1272 3061 1297 3101 e.
1318 3045 1380 3101 effi-

204 3122 282 3178 tioue
299 3120 394 3189 eliqua
417 3138 479 3175 cum
498 3120 644 3175 Gallorum
664 3124 770 3191 hordr'a,
814 3141 878 3179 oere
896 3124 1054 3179 student—
1071 3125 1256 3192 asperitatem.
1287 3122 1380 3179 Acuu-
1493 3172 1498 3181 .

205 3200 223 3255 i.
234 3218 260 3255 e.
271 3199 388 3262 setim
406 3196 554 3268 cogitatur,
572 3206 684 3268 prester
701 3199 770 3255 eliae
811 3202 900 3257 retius
911 3201 1064 3269 respondet
1076 3199 1286 3257 Germanicum:
1303 3218 1333 3257 ea
1344 3201 1381 3255 er

205 3293 318 3331 censeas
335 3274 418 3331 etiem
436 3274 582 3345 sequentia
594 3277 751 3346 prohibent.
812 3277 1025 3349 hesmtsdeleliols
1042 3277 1193 3345 abaeeelten
1211 3280 1270 3345 aas
1283 3286 1380 3333 etc-—

238 3355 302 3423 ipso
319 3353 412 3422 caune]
432 3352 449 3411 i.
460 3372 484 3409 e.
499 3370 532 3407 ee
546 3353 608 3409 eolo
625 3371 703 3421 eone,
715 3370 770 3424 quo
813 3359 856 3413 De
875 3355 1025 3425 asperitate
1043 3356 1108 3410 eonr'
1125 3356 1316 3411 conferendus
1337 3356 1379 3411 lc-

205 3439 303 3485 cantue
315 3431 470 3501 perficetur,
488 3431 593 3501 quique
610 3435 694 3487 modo
711 3433 771 3504 ple·
814 3452 862 3490 oue
884 3434 955 3489 Hist
976 3433 1018 3501 11,
1042 3440 1089 3498 22,
1109 3439 1134 3489 2.
1179 3434 1293 3489 Temere
1318 3434 1381 3487 eub-

205 3509 268 3563 nior
285 3511 369 3564 modo
387 3507 498 3563 tenuior
516 3527 553 3564 ex
572 3527 623 3563 ore
645 3509 704 3570 exit
722 3528 770 3564 ve·
812 3519 906 3567 erentes
920 3511 1045 3564 cohorter
1057 3510 1263 3565 Germanos-reu
1279 3519 1381 3567 centu

204 3589 332 3657 riumque
349 3586 483 3642 effectum
502 3589 539 3641 ed
558 3604 638 3642 eures
657 3588 750 3645 hebet.
813 3589 922 3643 truci.

238 3664 430 3734 meatur]
460 3663 477 3721 i.
504 3681 529 3719 e.
560 3664 711 3719 coniiciuut
742 3672 772 3721 et
839 3666 980 3736 senatum]
1006 3666 1034 3720 h.
1057 3666 1075 3723 l.
1103 3671 1160 3730 eet,
1189 3669 1282 3737 quod,
1313 3666 1381 3738 quie

204 3754 339 3815 uuquam
358 3742 568 3811 preesegientes
592 3743 770 3801 constituunt
811 3745 889 3801 reete
901 3762 937 3799 ex
950 3760 999 3799 ore
1011 3742 1088 3798 exire
1100 3742 1205 3813 nequit,
1218 3743 1380 3812 inflectitur,

238 3820 425 3891 trepidantes]
451 3820 488 3875 Va
505 3819 626 3885 indicet,
643 3820 770 3885 alterum,
813 3840 903 3893 eoque
922 3820 1001 3889 quasi
1019 3819 1186 3890 duplicatur.

204 3900 283 3969 quod
311 3896 424 3964 ponitur
454 3897 516 3953 fieri
545 3914 644 3970 posse,
678 3898 770 3953 minus
847 3905 873 3955 3.
893 3898 1027 3967 Ceterum]
1053 3899 1115 3953 Heu
1137 3916 1209 3955 voca
1231 3907 1297 3967 pon
1314 3902 1381 3957 bre·

206 3983 312 4029 certum
324 3992 386 4029 esse
398 3975 502 4045 altem
518 3992 607 4045 quere
619 3976 771 4030 vernacule
813 3992 875 4031 vem
893 3978 929 4031 de
946 3976 1060 4031 horditus
1075 3974 1276 4045 digressionem
1290 3984 1382 4034 trena·

206 4060 250 4107 est
274 4054 344 4107 odes·
366 4054 456 4120 aeci„-
484 4053 519 4109 cf.
543 4070 567 4109 e
585 4060 611 4119 5,
630 4059 654 4109 3.
677 4058 769 4119 38,1.
811 4054 869 4109 itur
886 4056 921 4109 ad
940 4054 1041 4107 semem
1059 4055 1094 4107 de
1104 4052 1198 4121 Ulixe,
1215 4070 1288 4123 quee
1306 4054 1380 4111 eius·

205 4136 249 4194 to,
267 4135 290 4185 3.
308 4136 333 4186 6.
814 4133 877 4185 dem
894 4138 937 4185 est
954 4130 1074 4199 generis,
1091 4137 1122 4185 ut
1135 4130 1185 4185 ille
1197 4132 1233 4185 de
1244 4130 1381 4187 Hercule.

236 4215 324 4276 prout
338 4208 432 4261 roravit
448 4208 534 4277 acm]
554 4207 572 4265 i.
585 4223 609 4264 e
616 4226 674 4277 pre
686 4211 771 4265 modo
847 4208 964 4277 quidam
977 4208 1140 4277 opinaretur]
1157 4224 1195 4263 ee.
1207 4208 1253 4263 vel
1265 4208 1381 4279 Graeci,

204 4285 311 4341 cerense
329 4286 366 4339 ab
384 4285 447 4339 acie
463 4286 541 4340 editi.
577 4284 693 4341 Scilicet
713 4304 770 4341 non
812 4286 841 4341 in
869 4285 1037 4341 exornandis
1064 4294 1148 4356 etque
1176 4284 1382 4357 amplificandis

206 4378 317 4430 semper
344 4359 405 4431 pari
432 4361 460 4416 vi
485 4361 660 4417 excitabetur
685 4380 771 4419 sonus
813 4363 955 4417 veteribus
973 4361 1076 4417 febulia
1094 4360 1147 4417 sibi
1163 4364 1315 4434 placentes,
1335 4368 1382 4423 vel

205 4438 265 4503 ille,
288 4454 353 4493 casu
371 4437 431 4493 eius
448 4440 582 4495 effectum
598 4441 770 4499 moderante.
813 4440 896 4497 etiem
917 4438 1050 4504 Romani,
1078 4439 1381 4513 Greeeeeseriptorea
