3067 4867
205 382 248 450 96
618 384 804 441 CORNELII
825 384 958 441 TACITI

206 576 312 638 usque
335 556 381 636 (et
403 554 489 619 fama
509 558 597 638 vera)
625 565 751 621 tantum
777 564 902 625 natura.
953 558 1042 643 Ergo
1068 556 1133 623 iam
1156 556 1268 623 dextro
1291 557 1403 625 Sue-2

206 665 268 730 vici
300 666 396 729 maris
428 665 522 730 litore
551 666 739 731 Aestiorum
775 672 889 753 gentes
929 667 1109 744 adluuntur,
1146 667 1263 752 quibus
1295 666 1376 733 ritus
1417 680 1420 700 ¹

205 774 402 862 habitusque
431 774 629 852 Suevorum,
661 776 775 861 lingua
801 776 1006 843 Britannicae
1037 778 1183 865 propior.
1236 779 1377 843 Matrem

207 885 305 949 deum
331 894 539 959 venerantum
569 884 698 969 insigne
724 888 964 973 superstitionis
990 889 1111 953 formas
1138 910 1290 974 aprorum
1316 909 1377 972 ge·

205 1005 301 1063 stant.
337 994 378 1058 Id
398 1016 458 1081 pro
473 994 576 1059 armis
599 995 808 1080 omniumque
829 998 929 1063 tutela
950 1020 1098 1063 securum
1117 998 1199 1063 deae
1220 998 1378 1062 cultorem

207 1104 305 1169 etiam
338 1102 422 1168 inter
453 1104 564 1169 hostes
595 1117 747 1191 praestat.
801 1107 906 1172 Rarus
937 1108 1028 1185 ferri,
1059 1108 1211 1193 frequens
1243 1106 1377 1172 fustium

206 1235 297 1282 usus.
340 1215 517 1279 Frumenta
538 1224 728 1300 ceterosque
749 1215 872 1281 fructus
894 1217 1068 1304 patientius
1084 1239 1180 1303 quam
1197 1239 1257 1304 pro
1279 1216 1377 1281 solita
1477 1205 1480 1207 ’

202 1324 446 1425 Ι(4144144444444
477 1324 597 1389 inertia
623 1324 782 1393 laborant.
832 1327 899 1394 Sed
928 1338 960 1391 et
988 1349 1076 1393 mare
1106 1337 1303 1403 scrutantur,
1337 1336 1403 1391 ae3
1511 1348 1514 1436 p

112 1482 116 1488 .
207 1433 268 1498 soli
292 1436 433 1498 omnium
462 1434 626 1511 sucinum,
656 1436 745 1522 quod
773 1434 837 1521 ipsi
864 1436 990 1521 glesum
1017 1448 1149 1514 vocant,
1179 1436 1261 1501 inter
1287 1436 1376 1501 vada
1511 1447 1514 1466 ⁸

206 1553 304 1630 atque
331 1542 364 1606 in
392 1542 465 1628 ipso
492 1543 599 1609 littore
623 1544 746 1629 legunt.
777 1546 862 1621 ¹Nec
885 1568 968 1633 quae
990 1558 1120 1624 natura,
1149 1545 1270 1631 quaeie
1291 1546 1375 1610 ratio
1510 1481 1514 1588 l

241 1731 366 1798 etfama
380 1730 459 1798 vera]
479 1730 557 1783 Haec
570 1730 663 1798 verba,
681 1729 710 1782 in
722 1748 770 1800 pa·
814 1750 877 1787 curn
900 1732 1074 1798 extenditur,
1101 1730 1253 1786 obtinuisse
1277 1738 1378 1803 putau-

206 1806 329 1859 rentbesi
354 1806 535 1877 interpositu,
567 1806 651 1878 ipsius
679 1806 771 1860 Taciti
815 1810 868 1863 dac
888 1817 960 1863 aaut.

206 1882 309 1936 iudicio
336 1883 482 1937 veritatem
509 1885 599 1938 famae
627 1891 770 1951 asserunt3
847 1887 928 1956 ritca]
949 1903 974 1939 v.
993 1886 1028 1939 ad
1048 1902 1072 1942 c.
1092 1891 1134 1951 21,
1152 1891 1176 1941 3.

205 1978 230 2012 v.
243 1962 279 2013 ad
294 1976 315 2014 c.
331 1966 354 2024 2,
367 1966 391 2016 3.
411 1960 517 2015 Nititur
530 1969 622 2015 autem
635 1961 682 2014 ille
694 1962 770 2015 baud
847 1963 968 2031 babitus]
990 1981 1016 2016 v.
1036 1965 1072 2017 ad
1094 1980 1117 2018 e.
1139 1969 1178 2027 17,
1196 1967 1223 2017 3.

206 2038 291 2091 dubie
313 2038 475 2091 testimonio
499 2046 582 2108 atque
606 2036 771 2091 auctoritate
847 2041 972 2093 Matrem
999 2040 1090 2109 deum]
1124 2058 1161 2097 se.
1189 2057 1224 2093 ex
1249 2038 1378 2091 Romana

205 2114 357 2183 Agricolae
374 2115 463 2169 soceri
482 2115 538 2182 sui,
556 2133 592 2169 ex
610 2114 688 2170 cuius
708 2133 771 2168 nar·
814 2116 1054 2185 interpretatione.
1100 2117 1267 2186 intelligitur
1301 2116 1379 2168 huud

206 2190 361 2244 rationibus
390 2193 534 2255 hauserat,
564 2209 636 2262 quae
665 2194 701 2245 de
728 2210 771 2244 re·
814 2194 897 2247 dubie
915 2194 1002 2246 Ertha
1021 2193 1079 2247 sive
1101 2194 1190 2248 Terra
1212 2200 1314 2262 mater3
1339 2192 1377 2246 cf.

206 2266 361 2321 motiseimis
374 2268 569 2338 septentrionis
581 2268 771 2337 partibustra·
815 2288 837 2326 c.
855 2276 897 2335 40,
915 2276 939 2325 3.
961 2277 985 2335 9,
1006 2276 1030 2327 2.

205 2344 261 2411 dit3
277 2344 311 2399 cf.
325 2344 420 2411 Agric.
434 2362 458 2399 e.
472 2352 546 2413 10,1.
560 2351 602 2410 24,
615 2352 639 2400 5.
653 2351 694 2409 44,
705 2352 772 2400 5.-
848 2348 957 2415 iurique
973 2347 1187 2416 superstitionis]
1204 2346 1315 2413 Iuaiyne
1334 2354 1380 2399 est

206 2423 247 2475 Et
270 2421 406 2491 particula
430 2422 478 2475 ubi
505 2422 631 2491 adiungit
657 2432 769 2476 senten·
813 2425 976 2495 symbolum,
994 2425 1039 2478 vel
1057 2424 1097 2491 id,
1116 2426 1192 2494 quod
1206 2422 1379 2493 maperatitio·

204 2500 270 2552 tiam
285 2501 480 2568 praecedentia
496 2500 712 2563 confirmantem,
725 2518 770 2553 va·
812 2520 874 2555 aem
904 2509 1033 2567 testatur,
1072 2520 1126 2571 mae
1155 2500 1379 2571 superstitionem

204 2575 244 2629 let
261 2584 287 2630 et
305 2594 389 2642 acum
409 2594 435 2632 v.
457 2578 493 2629 ad
512 2576 609 2648 Agric.
630 2582 670 2641 10,
691 2583 715 2633 3.
807 2580 982 2649 profiteatur.
1002 2608 1037 2618 -
1062 2580 1088 2631 A
1109 2578 1211 2643 forme,
1231 2593 1314 2645 quam
1334 2577 1379 2629 in-

238 2660 346 2707 tantum
356 2653 769 2724 uaturaJsc.estsivepertinet,
812 2656 890 2726 signe
913 2656 1014 2720 habet,
1041 2654 1224 2710 discernenda
1247 2654 1306 2707 eius
1323 2654 1378 2722 uis,

204 2728 222 2784 i.
239 2747 263 2785 e.
281 2730 323 2783 ibi
343 2738 461 2795 acturae
484 2732 655 2801 omniumque
676 2749 770 2785 rerum
812 2748 884 2805 quae
903 2740 945 2787 est
963 2733 1086 2786 amuleti.

203 2808 268 2874 fiee
280 2815 327 2861 eat.
348 2809 392 2861 De
407 2808 468 2861 loco
484 2816 590 2862 tautum
604 2808 680 2862 vocis
696 2828 720 2860 v.
733 2811 769 2862 ad
846 2811 1021 2879 omniumque
1032 2808 1129 2878 tutela]
1151 2807 1278 2861 Omnium
1290 2822 1376 2877 quum

205 2903 230 2939 c.
250 2891 292 2948 29,
312 2890 338 2940 2.
373 2886 499 2939 Eandem
521 2888 556 2940 de
581 2885 770 2957 septentrione
813 2886 849 2941 sit
866 2886 1003 2955 genitivus
1021 2886 1175 2940 obiectivus
1188 2884 1295 2954 generis
1307 2901 1377 2937 neu-

205 2963 369 3017 eententiam
379 2962 494 3016 Tacitus
508 2963 655 3033 Agricolae
673 2962 770 3016 tribuit
812 2963 889 3027 trius,
901 2980 999 3017 sensus
1012 2965 1161 3017 verborum
1175 2970 1231 3017 est:
1249 2969 1274 3015 et
1287 2962 1378 3015 tutela

205 3040 233 3095 in
246 3040 373 3094 oratioue
391 3042 426 3093 ad
444 3039 544 3095 milites
563 3048 628 3095 ante
646 3058 770 3111 pugnam
813 3049 939 3094 eontra
959 3040 1093 3107 omnim·
1118 3040 1152 3093 ci.
1173 3058 1196 3094 e.
1217 3044 1259 3101 46,
1278 3045 1302 3093 4.
1320 3038 1376 3091 Fe-

206 3126 304 3171 contra
330 3116 515 3185 Caledonios,
542 3135 565 3171 c.
589 3123 636 3184 33,
657 3122 681 3173 8.
710 3118 771 3171 Ν44
811 3134 910 3169 rarum
927 3117 1110 3186 imbriumque
1126 3116 1283 3187 suffugium.
1313 3113 1375 3170 Liv.

204 3194 356 3263 inglorium
372 3195 520 3263 fueritin
543 3195 604 3263 ipm
630 3202 770 3248 terrarum
812 3192 1376 3261 XXII,32,6.Aurum-adsubsidium

204 3290 244 3325 ac
265 3279 411 3326 naturae
422 3271 507 3340 siue
525 3272 666 3325 4444414444.
805 3274 985 3339 fortunae
1002 3287 1021 3323 a
1039 3270 1190 3324 maioribus
1206 3269 1340 3322 relietum.

238 3356 262 3405 2.
288 3350 369 3417 Ergo
388 3349 448 3401 iam
467 3350 565 3401 deutra
589 3349 652 3419 etc]
680 3351 769 3416 Erpa,
846 3364 973 3401 aecurum
992 3374 1025 3385 —
1040 3346 1183 3415 praestat]
1203 3346 1219 3400 i.
1236 3362 1260 3398 e.
1279 3343 1376 3411 eflicit,

204 3444 278 3497 quae
301 3425 440 3497 particula
464 3442 573 3495 semper
599 3424 771 3479 conclusioni
812 3432 843 3477 ut
861 3442 917 3477 uon
935 3424 1047 3492 timeat,
1068 3424 1103 3477 cf.
1122 3439 1145 3476 c.
1162 3428 1203 3487 46,
1222 3428 1245 3477 5.

203 3505 249 3557 vel
279 3502 471 3557 consecutioni
499 3500 631 3569 inservit,
661 3520 696 3558 ex
726 3519 771 3566 eo,
840 3502 988 3567 frumenta
1013 3531 1048 3541 -
1073 3500 1217 3567 laborant]
1248 3498 1264 3553 i.
1287 3514 1311 3551 e.
1344 3498 1376 3551 ia

204 3583 281 3653 quod
297 3581 370 3634 ultra
383 3579 501 3633 Suiones
516 3588 632 3633 naturae
645 3579 707 3632 finis
720 3586 771 3647 est,
806 3578 962 3645 fmam'eutia
985 3580 1032 3643 (sc.
1050 3578 1178 3631 aeraudia
1197 3584 1222 3629 et
1238 3575 1374 3642 colendis)

203 3659 312 3727 colligit
344 3657 437 3711 nullos
467 3655 583 3727 amplius
614 3656 770 3711 Germanos
813 3654 950 3707 laborant.
967 3654 1055 3707 Paulo
1066 3652 1197 3707 audacius
1209 3652 1375 3721 enim,quod

203 3734 424 3805 septentrionem
439 3751 534 3787 versus
547 3750 616 3797 esse,
635 3734 684 3787 sed
703 3733 769 3797 iam,
812 3731 971 3785 adverbiale
981 3730 1134 3800 praedicati
1144 3729 1375 3783 attributumease

203 3813 222 3866 i.
246 3831 271 3868 e.
299 3812 323 3865 si
351 3829 368 3866 a
392 3810 543 3865 Suionibus
569 3808 769 3880 progrediaris,
814 3809 951 3874 debebat,
976 3807 1004 3860 in
1027 3806 1168 3863 obiectum
1185 3806 1263 3861 verbi
1282 3805 1374 3861 cessit.

203 3890 392 3956 dextrorsum,
419 3887 436 3943 i.
457 3906 481 3941 e.
507 3888 639 3941 orientem
666 3902 770 3952 444444,
812 3903 836 3937 v.
856 3888 891 3937 ud
913 3902 936 3937 o.
956 3890 998 3952 30,
1016 3890 1040 3940 2.

203 3965 288 4018 maris
307 3964 411 4019 Bultiei
431 3982 506 4019 oram
526 3964 664 4018 accolere.
841 3961 1009 4032 patientius]
1030 3962 1047 4015 i.
1067 3978 1091 4016 a.
1112 3960 1292 4023 constantius,
1310 3976 1374 4029 per-

238 4042 398 4095 Aestiorum
415 4042 519 4111 pentec]
540 4041 632 4106 Quum
653 4040 699 4093 vix
719 4041 770 4092 du·
812 4038 983 4091 severantius
1015 4038 1121 4105 (Germ.
1146 4039 1196 4091 mit
1219 4038 1295 4092 melta·
1320 4036 1376 4091 Ge·

203 4118 286 4171 bituri
298 4118 394 4189 possit,
407 4118 483 4187 quin,
496 4118 544 4188 qui
556 4117 639 4171 bodie
648 4116 772 4173 Eatboui
813 4115 886 4169 dulci
902 4134 928 4167 u.
947 4116 1119 4183 Auadauer).

204 4204 351 4258 vocantur,
377 4212 477 4249 nomen
500 4196 534 4249 ab
554 4193 657 4249 Aestiis
680 4196 769 4248 dane·
842 4210 898 4261 pro
920 4192 1005 4246 colite
1024 4222 1058 4230 -
1081 4190 1193 4259 inertia]
1221 4190 1287 4243 Eam
1306 4186 1376 4242 Tac.

203 4268 274 4332 rint,
298 4270 363 4325 illae
386 4280 484 4341 gentes
503 4270 693 4341 longissimum
713 4278 769 4325 tra·
812 4269 903 4338 tetigit
925 4286 947 4323 c.
967 4274 1006 4336 14,
1024 4274 1048 4324 4.
1071 4274 1112 4337 20,
1131 4274 1154 4323 3.

205 4353 280 4398 etum
299 4363 365 4400 orae
382 4348 465 4401 maris
477 4348 592 4415 Batrioi,
606 4366 662 4418 qua
678 4348 769 4402 orien·
847 4351 872 4401 3.
899 4346 1035 4415 sucinum]
1069 4346 1114 4400 Ita
1144 4346 1206 4399 eod.
1234 4340 1377 4409 Rabch3

206 4429 263 4475 tem
282 4438 376 4476 versus
400 4440 489 4493 usqne
512 4425 540 4479 in
564 4424 654 4479 sinum
673 4424 768 4480 Finni·
812 4423 860 4479 alii
880 4422 1028 4478 succinam.
