3067 4867
147 316 219 374 VIII
493 324 494 329 ’
635 318 862 376 PRAEFATIO.

149 506 277 573 consilii
298 506 373 585 luit,
395 517 432 570 ut
453 507 627 573 editionem
651 531 815 595 pararem,
842 532 908 594 qua
927 509 983 594 qni
1006 520 1181 588 uterentur,
1205 510 1315 575 omnia

148 618 318 695 haberent,
347 616 465 702 quibus
493 642 577 704 opus
603 628 652 683 est
681 620 722 683 ad
746 620 855 683 Taciti
877 620 1098 705 cognitionem
1119 643 1193 685 cum
1212 620 1318 686 iructu

149 728 382 815 auspicandam
410 729 545 813 eiusque
572 729 769 815 peculiarem
793 752 915 795 morem
944 742 1032 795 recte
1061 730 1318 816 intelligendum.

148 839 225 903 Non
248 842 353 905 solum
375 838 475 925 igitur
485 838 755 925 prolegomenis,
785 840 923 905 indoctis
951 840 1014 905 illis
1036 842 1168 926 quidem
1191 851 1223 905 et
1244 840 1318 905 bre·

148 946 254 1025 vibus,
278 948 347 1026 aed,
370 960 406 1012 ut
427 971 606 1035 speramus,
630 950 671 1013 ad
693 972 897 1015 communem
922 950 1169 1037 intelligentiam
1190 972 1318 1015 accom-

149 1058 299 1136 modatis,
322 1059 363 1123 ad
385 1060 448 1123 hoc
471 1058 647 1144 prolixiore
669 1071 860 1147 argumento
875 1061 922 1123 ita
938 1077 1136 1147 comparato,
1160 1075 1196 1124 ut
1211 1072 1318 1146 partes

147 1168 249 1232 libelli
275 1178 372 1253 atque
399 1169 574 1255 dispositio
601 1170 695 1234 facile
725 1169 802 1233 inde
820 1180 948 1255 pateat,
976 1171 1118 1257 denique
1138 1171 1248 1235 addita
1269 1182 1318 1234 ta-

147 1278 225 1341 bula
252 1278 503 1363 chronologica,
542 1302 625 1365 quae
653 1282 810 1365 temporis
839 1281 987 1345 notitiam
1015 1281 1159 1357 iuvaret,
1196 1281 1319 1346 aditum

150 1388 244 1473 quasi
276 1388 318 1452 ad
339 1388 528 1473 Agricolam
556 1390 730 1473 ipsumque
760 1390 910 1454 Taciturn
944 1391 1069 1476 aperire
1098 1391 1226 1467 studui,
1260 1389 1319 1454 sed

148 1498 211 1563 hoc
233 1498 390 1583 imprimis
415 1521 548 1584 operam
571 1500 658 1576 dedi,
680 1509 716 1563 ut
739 1500 820 1563 nihil
844 1522 969 1577 eorum,
991 1522 1076 1585 quae
1099 1501 1241 1584 aliquam
1262 1521 1319 1563 ex-

149 1608 358 1694 plicationem
386 1630 524 1694 poscere
553 1610 749 1689 viderentur,
781 1633 848 1675 non
871 1610 963 1694 ¹brevi
986 1609 1194 1694 dilucidaque
1216 1631 1319 1674 anno·

149 1718 272 1782 tatione
300 1718 494 1784 illustratum
521 1720 639 1784 darem.
690 1721 928 1804 Quaecumque
955 1720 1056 1805 igitur
1084 1742 1162 1795 eos,
1199 1719 1320 1803 quibus

149 1828 283 1892 Tacitus
303 1851 405 1893 novus
429 1839 494 1906 est,
517 1831 634 1893 morari
655 1852 755 1916 posse
777 1829 978 1907 viderentur,
1002 1829 1070 1895 sive
1090 1830 1217 1894 insueta
1246 1828 1319 1893 bre·

149 1938 263 2015 vitate,
296 1938 365 2003 sive
387 1962 492 2003 rerum
521 1940 725 2017 difficultate,
759 1940 827 2004 sive
855 1940 1086 2004 sententiarum
1112 1962 1218 2017 nexu,
1252 1939 1321 2002 sive

150 2047 320 2113 verborum
348 2060 448 2133 atque
480 2051 731 2115 constructionis
760 2049 937 2115 insolentia
966 2049 1201 2136 impedimenta
1221 2049 1320 2113 intel-

149 2158 247 2223 lectui
281 2157 474 2237 obiiciente,
510 2182 550 2224 ea
577 2162 664 2225 iusta
695 2160 962 2246 interpretatione
988 2160 1168 2225 amovenda
1200 2159 1320 2246 putavi

148 2270 202 2334 Ita
229 2277 336 2333 autem
361 2269 394 2333 in
423 2291 462 2334 eo
489 2271 622 2356 negotio
652 2282 799 2335 versatus
827 2293 919 2347 sum,
950 2282 988 2335 nt
1015 2270 1096 2334 nihil
1117 2270 1319 2355 attingerem,

149 2379 214 2445 uisi
241 2380 331 2463 quod
362 2380 405 2443 ad
431 2380 506 2466 ipsa
535 2382 677 2447 auctoris
698 2380 798 2447 verba
818 2381 1012 2445 illustranda
1031 2380 1144 2464 utique
1167 2398 1319 2445 necessa·

148 2490 231 2555 num
256 2501 358 2567 esset,
388 2490 531 2556 diversas
554 2500 661 2557 autem
681 2491 894 2576 interpretum
924 2492 1102 2556 sententias
1136 2513 1203 2555 non
1231 2490 1318 2554 reln-

150 2611 260 2677 tarem,
282 2620 391 2685 neque
411 2601 597 2666 innumeras
620 2602 841 2680 coniecturas,
862 2600 984 2686 quibus
1006 2600 1165 2686 Agricola
1185 2611 1319 2666 vexatus

151 2720 220 2788 est,
252 2710 468 2795 respicerem,
500 2711 657 2777 lectorum
684 2713 788 2797 magis
817 2712 975 2776 interesse
1002 2722 1091 2775 ratus
1120 2731 1321 2796 cognoscere

151 2822 317 2906 quomodo
339 2820 421 2907 ipsis
448 2843 597 2906 quaeque
617 2832 706 2887 recte
725 2822 939 2906 intelligenda
963 2832 1090 2899 essent,
1114 2842 1214 2905 quam
1237 2840 1321 2904 quo·

148 2932 247 2997 modo
268 2931 323 2995 alii
345 2953 384 2996 ea
405 2953 578 3017 perperam
598 2932 842 3000 intellexissent.

154 3092 157 3101 .
236 3041 337 3122 Quod
368 3042 395 3106 si
424 3043 480 3127 qui
509 3043 591 3121 sint,
618 3044 757 3128 quinos
781 3042 833 3107 hic
858 3041 924 3105 illic
945 3040 1186 3107 nimios‘lnisse
1206 3040 1241 3105 in
1263 3061 1320 3104 ex·

149 3151 304 3238 plicando
332 3161 484 3238 arguant,
517 3150 612 3218 facile
638 3154 761 3239 largior
789 3163 877 3219 recte
906 3174 964 3217 eos
985 3173 1135 3228 monere,
1166 3151 1196 3215 ri
1217 3159 1321 3214 totam

151 3262 301 3327 Tacitum
329 3270 395 3327 tam
416 3262 544 3348 prolixe
566 3264 607 3329 ab
630 3263 754 3329 editore
778 3262 1004 3327 illustrandum
1025 3269 1186 3348 putarem
1215 3282 1236 3325 a
1255 3281 1322 3343 qna

150 3372 310 3437 sententia
329 3370 464 3436 multum
486 3372 610 3439 absum.
653 3372 693 3439 In
723 3373 785 3439 hoc
805 3386 913 3438 autem
932 3371 1042 3437 libello
1062 3383 1097 3437 ut
1119 3367 1218 3459 panlo
1239 3367 1321 3435 ubess

135 3483 235 3567 ,riore
263 3483 473 3549 annotatione
493 3494 617 3562 uterer,
650 3506 749 3569 quum
773 3504 813 3549 eo
835 3480 955 3549 lactum
977 3493 1042 3560 eet,
1076 3482 1167 3566 quod
1189 3480 1322 3567 saepius

151 3594 311 3680 perversis
333 3593 479 3681 priorum
501 3594 662 3659 editorum
684 3594 957 3680 explicationibus
974 3591 1074 3659 tacite
1089 3592 1322 3659 occurrendum

150 3702 220 3781 luit,
242 3714 310 3768 tum
332 3705 421 3789 quod
443 3702 505 3769 hoc
527 3703 667 3769 maxime
689 3704 844 3792 spectavi,
867 3715 905 3767 nt
926 3702 1065 3768 studiosi
1087 3702 1322 3777 adolescentes,

151 3814 308 3899 Agricola
333 3815 451 3879 acriter
474 3814 590 3879 haustu
619 3814 682 3879 hoc
704 3814 799 3898 quasi
819 3814 970 3900 exemplo
991 3810 1170 3891 discerent,
1195 3810 1323 3898 *quibus

150 3923 249 3989 rebus
269 3924 303 3988 in
315 3924 433 3990 Tacito
455 3922 595 4011 legendo
617 3925 747 3989 animus
765 3924 849 4011 ipsis
872 3936 960 3989 esset
979 3924 1208 3989 intendendus.
1254 3921 1323 4002 Qui

150 4034 250 4119 igitur
271 4046 419 4099 accurate
440 4047 565 4099 etcum
588 4056 665 4099 cura
685 4034 828 4119 cognitis
849 4034 907 4112 iis,
929 4054 1013 4119 qnae
1033 4034 1076 4098 ad
1100 4031 1322 4119 expediendas

152 4143 356 4209 difficultates
377 4145 412 4208 in
434 4145 645 4210 annotatione
667 4144 843 4222 attulimus,
866 4144 901 4208 in
923 4142 1068 4209 scholam
1085 4140 1321 4227 accedentpe

150 4254 212 4318 rito
236 4256 440 4342 praeceptori
462 4276 595 4341 operam
618 4254 735 4333 daturi,
756 4276 814 4320 eos
835 4253 1029 4320 confidimns
1050 4253 1147 4317 huius
1168 4250 1322 4318 editionis

151 4362 213 4429 usu
245 4362 337 4430 brevi
366 4367 407 4429 ad
430 4352 580 4430 idoneam
595 4365 762 4435 ,sermonis
786 4365 893 4430 Taciti
914 4363 1136 4451 cognitionem
1160 4357 1321 4441 sentines,
