3067 4867
200 317 241 383 10
545 318 846 376 PuonnGOMnNA.
884 318 967 374 GAP.
985 318 1022 373 11.

200 508 301 572 oratio
325 508 439 585 fluens,
463 508 609 593 copiosa,
631 508 772 572 rotunda
794 519 826 571 et
845 530 1017 573 numerosa
1039 509 1162 596 optime
1177 507 1364 582 conveniat3

200 641 312 682 omnes
336 618 421 681 enim
444 628 587 683 oratores
610 628 702 694 sunt,
735 618 865 681 dicendi
886 619 1036 683 facultate
1060 620 1246 705 conspicui,
1277 642 1361 683 unus

199 729 294 791 etiam
318 738 423 817 poeta,
448 749 553 813 eoque
575 728 680 813 magis
704 728 799 793 etiam
823 728 864 791 ad
886 730 1000 793 florem
1021 741 1053 793 et
1068 729 1210 795 colorem
1224 728 1363 794 orationi

199 839 383 903 addendum
414 838 622 923 compositus.
667 839 802 903 Tacitus
832 838 931 922 igitur
962 862 1060 923 quum
1083 838 1163 904 haec
1185 835 1379 924 respiciens¹

198 949 343 1013 oratione
371 948 405 1012 in
427 948 570 1033 Dialogo
601 948 663 1013 alia
684 972 762 1013 usus
787 960 853 1027 est,
882 971 979 1032 quam
1000 949 1033 1011 in
1057 948 1231 1013 serioribus
1253 949 1363 1034 operi·

196 1059 276 1135 bus,
304 1070 429 1123 tanturn
456 1059 574 1135 abfuit,
602 1070 637 1122 ut
667 1082 686 1121 a
718 1081 753 1122 se
779 1059 853 1143 ipso
884 1058 1045 1135 deficeret,
1077 1070 1111 1123 ut
1140 1059 1234 1145 periti
1256 1070 1290 1123 et
1310 1059 1362 1122 in·

197 1169 324 1254 geniosi
354 1169 521 1254 scriptoris
551 1168 660 1233 officio
691 1169 898 1234 satisfaceret.
948 1169 1102 1232 Profecto
1132 1168 1216 1232 enim
1246 1168 1363 1232 vitiosa

197 1300 234 1343 ac
256 1301 362 1365 paene
385 1279 526 1342 absurda
541 1279 674 1363 Dialogi
690 1280 796 1343 forma
810 1278 904 1353 foret,
928 1278 956 1341 si
973 1289 1085 1342 auctor
1099 1300 1167 1354 eos,
1187 1278 1244 1363 qui
1259 1278 1362 1343 collo·

197 1402 359 1473 quantur,
393 1412 432 1453 eo
463 1390 561 1453 modo
593 1389 737 1454 dicentes
765 1388 916 1465 fecisset,
950 1411 1015 1471 quo
1042 1389 1114 1474 ipse
1143 1388 1177 1451 in
1198 1388 1361 1454 historicis

196 1500 324 1585 scriptis
351 1522 430 1563 usus
460 1511 518 1565 est.
567 1497 604 1565 Si
632 1510 740 1563 autem
769 1520 924 1582 quaeras,
951 1499 1039 1563 unde
1068 1499 1197 1564 tandem
1225 1498 1361 1563 Tacitus

196 1632 266 1673 eam
289 1609 475 1674 facultatem
498 1607 655 1683 habuerit,
681 1620 803 1671 uttam
828 1608 937 1693 polita,
958 1609 1081 1672 fluente
1103 1631 1140 1672 ac
1153 1608 1272 1673 florida
1286 1631 1360 1671 ora·

194 1721 282 1784 tione
310 1732 468 1795 uteretur,
497 1720 760 1805 respondendum
788 1730 854 1794 est,
885 1734 1030 1782 secutum
1057 1740 1130 1783 eum
1158 1740 1230 1783 esse
1251 1718 1287 1781 id
1309 1719 1360 1781 di·

194 1830 290 1894 cendi
319 1852 437 1915 genus,
463 1831 552 1914 quod
582 1840 693 1893 orator
715 1829 748 1892 in
773 1828 845 1893 foro
867 1827 1033 1905 adhibuit,
1061 1829 1162 1891 multo
1185 1829 1293 1892 studio
1316 1829 1360 1893 ad

117 1938 119 1941 ’
195 1939 363 2005 Ciceronis
393 1939 576 2025 exemplum
607 1940 769 2003 excultum
796 1951 828 2001 et
849 1938 1037 2017 formatum,
1067 1959 1174 2021 neque
1195 1938 1358 2002 diversum

194 2049 273 2115 illud
304 2050 344 2114 ab
374 2070 431 2126 eo,
459 2050 548 2133 quod
571 2060 603 2113 et
624 2049 733 2113 Plinio
758 2059 790 2112 et
811 2048 927 2112 ceteris
946 2050 1017 2113 eius
1041 2048 1156 2112 aetatis
1176 2047 1359 2112 oratoribus

193 2159 365 2245 probatum
386 2159 457 2223 fuit.
494 2159 553 2223 Ad
573 2159 653 2222 haec
677 2180 777 2243 quum
799 2159 933 2223 accedat
954 2159 1043 2222 haud
1064 2158 1135 2222 leve
1156 2157 1247 2234 illud,
1269 2159 1358 2242 quod

192 2269 272 2333 nihil
307 2269 465 2355 reperitur
493 2270 526 2333 in
557 2269 699 2352 Dialogo
732 2292 751 2332 a
781 2268 889 2331 Taciti
914 2268 1049 2352 ingenio
1078 2267 1216 2331 alienum
1228 2315 1237 2345 ,
1270 2268 1357 2332 idem

193 2380 277 2444 enim
300 2379 421 2464 ubique
444 2379 652 2465 cognoscitur
675 2402 789 2443 sanum
809 2390 840 2441 et
862 2378 1033 2443 subactum
1054 2377 1220 2453 iudicium,
1242 2378 1357 2441 eadem

191 2490 226 2553 in
246 2490 372 2555 caussis
395 2512 500 2553 rorum
522 2489 717 2575 indagandis
739 2488 896 2563 sollertia,
916 2488 1028 2552 eadem
1049 2487 1174 2570 antiqui
1195 2496 1227 2550 et
1248 2486 1356 2551 incor-

191 2599 273 2682 rupti
302 2600 400 2665 moris
432 2599 616 2675 admiratio;
644 2599 731 2662 idem
762 2597 915 2683 egregius
944 2598 1027 2674 veri,
1059 2596 1192 2672 sinceri,
1228 2595 1356 2661 honesti

167 2692 316 2795 lrsensus,
339 2710 473 2774 internis
495 2709 693 2795 argumentis
716 2708 909 2773 commoveri
932 2730 998 2771 non
1016 2728 1199 2792 possumus,
1221 2716 1257 2769 ut
1272 2707 1357 2771 Dia-

126 2802 168 2889 ff
191 2821 302 2906 logum
318 2819 434 2885 Tacito
458 2819 687 2888 abiudicemus.
726 2821 869 2882 Externo
893 2829 999 2882 autem
1023 2840 1123 2901 quum
1144 2817 1195 2880 vel
1217 2817 1357 2881 maxime

191 2934 347 3017 probetur
380 2929 421 2994 ab
453 2930 509 2994 illo
544 2930 760 3015 compositum
798 2952 890 3004 esse,
922 2938 1015 2991 vetus
1045 2926 1099 2989 illa
1128 2924 1286 2991 dubitatio
1315 2927 1356 2991 de

155 3062 161 3132 t
190 3053 321 3105 auctore
343 3040 635 3124 relinquendaest.
678 3040 763 3104 Nam
786 3062 885 3123 quum
908 3037 1034 3102 Plinius
1055 3036 1088 3099 in
1111 3036 1251 3122 epistola
1271 3059 1355 3120 qna-

191 3151 264 3215 dam
280 3150 356 3231 (IX,
381 3151 431 3227 10,
454 3155 496 3231 2.)
519 3150 561 3214 ad
584 3150 733 3214 Tacitum
756 3150 831 3212 data
853 3149 934 3213 haec
954 3146 1089 3211 habeat:
1113 3146 1251 3231 „Itaque
1271 3169 1354 3233 poe·

147 3201 171 3287 l

190 3272 279 3325 mata
307 3262 493 3345 quiescunt,
522 3284 600 3345 qaue
630 3273 662 3323 tu
689 3263 769 3323 fater
795 3283 921 3323 amoro
946 3271 975 3321 et
1001 3259 1083 3321 lacos
1114 3260 1355 3324 comarodt'aaime

186 3374 296 3457 perfici
319 3377 458 3456 putaa‚“
488 3393 527 3435 ea
554 3392 620 3435 non
643 3370 706 3435 alio
729 3381 894 3457 spectant,
926 3390 1023 3453 quam
1046 3368 1089 3430 ad
1111 3367 1194 3432 duos
1218 3367 1352 3453 Dialogi

188 3481 296 3557 locos,
327 3480 461 3544 alterum
484 3502 511 3545 c.
534 3481 564 3556 9,
590 3481 636 3545 10.
670 3481 796 3558 Aciliae,
823 3482 906 3563 quod
927 3481 1042 3564 poetis,
1067 3479 1204 3541 simodo
1225 3478 1354 3562 dianam

189 3592 309 3675 aliquid
337 3592 494 3655 elaborare
515 3604 543 3654 et
569 3594 686 3677 afficere
706 3591 814 3667 beliat,
847 3590 1045 3673 relinquendo
1071 3590 1258 3651 convocatio
1278 3590 1354 3651 ami·

189 3724 293 3765 coram
323 3713 352 3765 et
379 3702 551 3765 iucunditas
580 3703 683 3779 urbia,
713 3702 880 3764 maerenda
907 3711 1005 3763 cetera
1027 3700 1148 3784 offidn',
1176 3710 1270 3780 atque
1290 3700 1355 3785 apsi

188 3814 308 3889 aaut,
336 3814 374 3875 ia
401 3833 552 3874 nemora
580 3824 615 3875 et
635 3812 738 3874 lacos
765 3813 801 3875 id
825 3821 869 3873 aa
889 3811 921 3872 in
943 3810 1137 3872 solitudinem
1157 3810 1353 3885 secedendum

188 3933 249 4001 est,·
271 3920 405 3985 alterum
419 3943 446 3988 c.
464 3922 513 3997 12,
534 3922 558 3985 l.
588 3921 755 3985 Nemora
772 3942 860 3983 vero
882 3932 916 3983 at
933 3920 1011 3982 tuot
1030 3931 1058 3982 et
1079 3930 1225 3982 secretam
1239 3919 1351 4002 ipsine,

188 4033 271 4113 qaod
290 4030 378 4115 Aper
399 4034 586 4118 increpabat,
613 4044 730 4095 tautam
750 4030 828 4094 mati
848 4033 982 4115 afferunt
999 4029 1195 4113 voluptatem,
1214 4039 1251 4091 ut
1271 4029 1352 4091 inter

185 4142 369 4225 praecipuos
392 4144 563 4205 caminum
576 4144 703 4227 ,frocus
724 4164 894 4217 naamam,
916 4141 999 4223 quod
1018 4162 1072 4203 neo
1089 4140 1126 4205 ,in
1148 4139 1277 4223 strepitu
1298 4162 1353 4201 aee

188 4252 306 4313 sedeate
326 4262 396 4314 ante
417 4254 527 4315 ostiam
548 4252 700 4337 litiyctore
722 4275 774 4315 nec
796 4254 875 4313 iuter
895 4252 999 4313 mdes
1018 4273 1055 4312 ac
1070 4250 1214 4312 lammae
1227 4271 1352 4311 reorum

188 4373 426 4445 componantur,
453 4364 506 4425 sed
533 4365 643 4426 secedit
674 4364 794 4450 anianus
816 4362 849 4423 ia
869 4360 936 4423 loca
951 4383 1039 4444 patra
1059 4360 1352 4442 coaetaneorum,
