3067 4867
466 360 681 420 GERMANIA.
717 358 749 417 (l.
765 356 828 417 XL.
847 357 923 419 xu1.
941 356 1032 416 XLII.
1295 358 1336 425 91

141 537 378 624 tpateleoimua
413 560 480 603 non
516 533 833 622 concupiscentibus.
890 533 930 599 Iu
965 532 1204 601 Hermunduris
1240 530 1337 599 Albis

167 650 278 725 oritur,
299 649 419 714 flumen
440 646 586 713 inclitum
608 658 640 710 et
660 656 774 711 notum
796 644 889 719 olim;
912 665 998 709 nunc
1020 653 1143 709 tantum
1165 641 1301 709 auditur.

250 758 364 825 XLIL
406 758 505 823 quta
523 756 772 823 Hermunduros
791 753 915 821 Naristi
936 775 975 819 ao
996 753 1115 842 deinde
1136 752 1337 819 Marcomani

142 879 199 936 aet
227 866 339 949 Quadi
367 877 477 952 agunt.
525 866 710 952 Praecipua
737 866 1020 947 Marcomanorum
1047 862 1153 948 gloria
1177 862 1336 948 viresque,

167 988 264 1061 atque
286 977 360 1063 ipaa
381 978 479 1043 etiam
498 977 609 1053 aedea,
632 976 734 1062 pulsia
755 974 833 1039 olim
854 974 960 1050 Boiia,
983 973 1099 1039 virtute
1120 981 1222 1059 parta.
1266 972 1337 1037 Nec

166 1087 289 1153 Naristi
319 1085 470 1168 Quadive
498 1086 708 1179 degenerant.
763 1086 878 1169 anue
908 1083 1100 1151 Germaniae
1130 1082 1217 1148 velut
1247 1081 1337 1147 irone

142 1206 234 1273 teat,
266 1207 428 1281 quatenus
460 1195 616 1262 Danubio
649 1194 824 1281 peragitur.
886 1194 1110 1259 Marcomanis
1145 1191 1338 1277 Quadisque

166 1328 272 1391 aeque
293 1307 337 1371 ad
357 1316 501 1371 noatram
522 1306 709 1371 memoriam
731 1327 828 1391 regen
849 1314 1036 1371 manaerunt
1064 1325 1105 1367 ex
1126 1314 1223 1387 gente
1245 1302 1337 1389 ipso-

166 1440 254 1493 rum,
287 1415 397 1483 nobile
424 1416 623 1482 Marobodui
654 1428 686 1482 et
715 1415 820 1481 Tudri
851 1436 963 1500 genna.
1017 1414 1089 1479 Iam
1121 1425 1153 1477 et
1186 1424 1337 1479 externos

167 1527 350 1613 patiuntur3
376 1526 436 1593 aed
457 1526 505 1591 via
526 1539 559 1591 et
580 1525 726 1612 potentia
747 1524 879 1609 regibus
903 1546 943 1589 ex
964 1524 1154 1590 auctoritate
1177 1522 1336 1591 Romana.

166 1636 254 1703 Raro
289 1636 387 1705 armis
419 1637 557 1714 nostris,
593 1637 725 1723 saepius
761 1634 902 1722 pecunia
935 1634 1102 1711 iuvantur,
1138 1654 1198 1697 neo
1230 1634 1337 1699 minua
1407 1692 1409 1696 .

167 1747 283 1816 valent.

167 1949 245 2007 Idem
263 1966 328 2003 nana
342 1955 386 2003 eat
399 1948 565 2004 vernaculae
576 1947 732 2018 particulae
776 1950 926 2003 cohaerent
944 1964 1006 2001 oum
1024 1962 1188 2017 praegressa
1206 1946 1338 2017 locomm,

166 2020 311 2081 iodbrcad.
776 2024 824 2079 nbi
850 2023 1035 2089 Marcomani,
1062 2022 1165 2077 Naristi
1193 2031 1222 2077 et
1245 2025 1339 2089 Quadi

201 2103 326 2157 inclitam
351 2110 377 2157 et
398 2111 492 2159 nodam
513 2101 590 2169 olim]
618 2119 656 2157 ac.
683 2119 732 2155 ex·
776 2102 912 2171 agebant,
947 2100 1142 2171 descriptione.
1188 2100 1340 2171 Sequentia

168 2178 359 2247 peditionibua
388 2197 476 2250 uaque
505 2182 543 2232 ad
571 2178 601 2231 id
630 2181 733 2233 flumen
776 2187 867 2233 antem
897 2178 1040 2233 continent
1066 2180 1181 2232 brevem
1214 2178 1340 2233 notitiam

169 2255 264 2321 sactia3
285 2273 373 2325 quare
391 2264 486 2311 notum
503 2264 547 2309 eat
566 2254 583 2311 i.
602 2274 629 2326 q.
645 2257 733 2309 vicum
775 2258 811 2311 dc
829 2258 938 2311 ιἰιιιιιιο
957 2263 1034 2309 elatu
1059 2254 1168 2309 illarum
1186 2255 1339 2320 nationum,

168 2340 250 2401 atque
267 2333 385 2398 aditum,
406 2342 438 2387 ut
453 2341 531 2403 patet
547 2349 584 2387 ex
601 2331 731 2401 oppoaito
775 2352 857 2405 quam
878 2335 955 2389 nullo
974 2341 1057 2403 pacto
1076 2340 1190 2401 poaaunt
1209 2332 1340 2404 excipere

168 2410 292 2463 caditur.
338 2410 540 2480 Expeditionea
575 2409 640 2463 illae
671 2428 731 2462 aua·
775 2413 862 2465 verba
899 2426 1044 2479 „ecque
1079 2408 1199 2465 Germ.
1233 2410 1340 2465 celat

169 2495 267 2556 ceptae
285 2496 350 2541 aaut
368 2505 385 2541 a
402 2488 493 2542 Druao
511 2504 538 2541 a.
552 2493 576 2542 9.
590 2503 615 2540 a.
628 2485 692 2543 Chr.
704 2505 733 2541 n.
767 2490 881 2555 frona
900 2487 980 2541 cat.“

169 2563 216 2628 (cf.
237 2562 291 2617 Dio
313 2561 389 2618 Cara.
410 2563 473 2628 LV,
493 2568 543 2630 1.),
568 2582 587 2618 a
610 2563 732 2619 Domitio
809 2571 833 2621 3.
851 2564 1338 2635 iam-potiuntar1v.adc.15,3.

168 2641 374 2705 Ahenobarbo,
406 2640 545 2697 incertum
575 2660 631 2712 quo
658 2660 732 2697 anno
808 2642 850 2695 cia
867 2650 893 2697 et
906 2640 1032 2711 potentia
1046 2641 1167 2707 recidere]
1184 2640 1340 2708 ac.eet,rel

169 2717 216 2782 (cl.
236 2717 304 2771 Tac.
324 2719 394 2771 Anu.
413 2719 463 2784 IV,
480 2725 522 2784 44,
541 2721 591 2788 3.),
610 2717 733 2789 denique
774 2718 865 2788 potina
878 2720 990 2787 pendet,
1006 2716 1142 2787 siquidem
1155 2734 1188 2771 ea
1201 2717 1339 2787 particula

169 2810 186 2845 a
204 2792 321 2847 Tiberio
339 2810 365 2849 a.
385 2801 408 2851 5.
428 2814 455 2865 p.
468 2795 532 2849 Chr.
551 2814 577 2849 u.
599 2796 646 2863 (cf.
657 2797 732 2852 Vell.
774 2813 831 2849 non
846 2794 1027 2858 instrumenti,
1047 2797 1098 2849 aad
1116 2810 1231 2849 cauaaae
1249 2803 1277 2848 et
1294 2812 1339 2848 ra-

168 2870 211 2934 11,
233 2876 280 2925 106
298 2888 358 2941 aqq.
382 2870 436 2926 Dio
459 2871 537 2927 (laaa.
557 2872 616 2937 LV,
635 2874 697 2941 28.).
774 2870 857 2926 tionia
872 2879 1039 2941 potentatem
1057 2872 1157 2941 habet3
1175 2888 1238 2926 narn
1255 2881 1340 2942 prout

203 2947 293 3001 XLII.
319 2953 342 3003 1.
367 2948 491 3016 Noriete'l
528 2949 571 3003 Ita
594 2952 656 3004 cod.
681 2950 734 3006 PR
776 2947 895 3002 Romani
913 2948 959 3001 vel
978 2947 1076 3001 volunt
1097 2948 1140 3001 vel
1161 2950 1271 3013 nolunt,
1296 2966 1340 3003 re-

169 3024 291 3089 Raber
313 3025 536 3082 ceteriNurt’aca‘.
559 3026 734 3082 Habitabant
775 3025 857 3096 gibus
877 3024 1004 3095 potentia
1023 3033 1078 3089 eat,
1102 3025 1147 3079 vel
1167 3042 1222 3079 non
1242 3034 1292 3080 est.

169 3101 243 3156 circa
262 3101 418 3157 Piniferum
436 3111 568 3157 montem.
805 3102 927 3171 pecuaria
951 3103 1097 3170 lunantur]
1134 3102 1168 3158 cs.
1199 3120 1223 3157 c.
1247 3108 1292 3168 15,
1314 3106 1339 3159 3.

201 3179 387 3234 Marcomani
406 3186 434 3231 et
451 3178 558 3247 Quada]
585 3179 630 3233 Illi
653 3186 733 3235 erant
774 3182 840 3235 Iam
851 3188 878 3233 et
887 3180 1037 3249 paenulam
1050 3179 1177 3247 compare
1188 3180 1340 3236 docaimar.

168 3256 198 3310 in
214 3255 359 3323 Bohemia,
378 3254 407 3309 hi
427 3255 455 3310 in
476 3255 610 3309 Moraria.
809 3258 966 3311 anomaliae
981 3256 1085 3323 vakai]
1106 3256 1124 3312 i.
1144 3274 1168 3311 e.
1187 3274 1279 3326 neque
1300 3265 1340 3311 ta·

202 3338 228 3389 2.
243 3333 338 3401 palen
354 3333 423 3387 olim
437 3333 532 3401 Boa'a'al
553 3333 587 3389 cf.
604 3348 628 3387 c
646 3337 688 3397 28,
707 3337 732 3387 2.
776 3352 839 3388 men
858 3351 890 3389 co
904 3335 952 3401 (ac.
966 3336 1042 3403 quod
1060 3334 1180 3403 pecunia
1198 3334 1339 3401 iurantur)

195 3410 297 3477 srortr]
316 3408 334 3465 i.
353 3428 378 3463 e.
392 3427 466 3479 para
484 3410 592 3467 Italiae
610 3410 733 3477 obiecta5
776 3410 865 3465 minua
884 3411 991 3479 valent,
1014 3426 1097 3479 qaum
1114 3410 1142 3465 ιη’
1157 3412 1246 3467 armis
1263 3412 1341 3467 iatra-

168 3504 242 3557 qnae
272 3486 409 3541 aententia
439 3487 523 3541 etiam
554 3487 595 3542 aic
624 3484 733 3555 concipi
774 3494 879 3555 renim,
897 3489 944 3553 (de
957 3504 1013 3557 qua
1024 3486 1247 3559 breviloquentia
1264 3507 1290 3542 v.
1304 3490 1341 3543 ad

168 3572 277 3635 pateat:
297 3580 332 3619 ea
344 3570 430 3633 porte
446 3561 601 3618 Germanic
613 3563 734 3619 ltaliam
777 3581 799 3618 c.
818 3570 859 3631 26,
880 3566 926 3633 4.).
964 3563 1100 3621 Nimirum
1125 3566 1279 3635 degeneres
1299 3565 1340 3621 illi

168 3641 252 3711 quara*
267 3640 376 3709 capacia
775 3658 872 3713 regen,
902 3641 1000 3713 qualea
1026 3641 1081 3697 iam
1108 3651 1166 3697 tum
1190 3644 1341 3699 Germania

197 3717 358 3787 peruritur]
375 3742 410 3763 =
417 3717 574 3785 perficetur,
590 3717 734 3784 refrena,
776 3718 884 3783 habuit,
896 3719 1070 3774 inhonertam
1088 3738 1165 3775 auam
1178 3721 1340 3793 potentiam,

167 3794 185 3848 i.
204 3811 228 3848 e.
247 3804 384 3863 quatenua
403 3794 551 3849 Danubina
570 3812 634 3848 eam
655 3794 732 3849 fron·
776 3804 892 3851 externo
911 3796 983 3851 horti
1002 3797 1138 3863 debitam,
1161 3799 1268 3869 patriae
1293 3801 1341 3855 de·

167 3880 223 3925 tem
241 3870 302 3925 aire
320 3887 369 3925 eoa
390 3872 458 3924 finer
475 3870 550 3925 facit.
580 3872 734 3940 Percpitur
776 3871 834 3927 cori
856 3874 1062 3943 praeferentes,
1081 3893 1199 3945 quorum
1217 3876 1341 3948 turpiori·

168 3948 240 4003 dixit
253 3948 322 4003 Tac.
339 3949 377 4002 ad
394 3947 508 4015 ἰοιιριιιιι
524 3955 658 4018 bodam,
676 3966 732 4020 qno
776 3968 850 4003 mum
871 3968 904 4005 ac
927 3969 1039 4020 proraua
1060 3953 1224 4008 detectabile
1247 3972 1342 4011 exem-

167 4025 314 4083 Dannbiua
326 4024 487 4095 provinciae
498 4025 642 4081 Romanae
653 4044 734 4096 prae·
775 4029 852 4098 plum
874 4028 1018 4097 Segestem
1038 4030 1162 4085 narravit
1180 4030 1294 4087 Tacitus
1312 4032 1341 4088 in

167 4102 306 4164 tenditur,
327 4101 554 4171 aignificundnm3
581 4101 617 4156 cf.
636 4102 734 4157 dictio·
776 4105 849 4159 Ann.
861 4104 883 4168 1,
901 4111 944 4169 57,
962 4110 1012 4173 58,
1032 4107 1153 4177 pecnnia
1173 4126 1190 4163 a
1207 4108 1341 4165 Romania

168 4198 231 4235 nem
249 4179 365 4234 limitem
383 4196 506 4247 apere,
526 4180 562 4235 de
580 4195 636 4248 qua
653 4197 678 4235 v.
696 4182 733 4234 ad
776 4189 893 4252 accepta
924 4200 1053 4251 magnam
1085 4184 1234 4251 factionem
1270 4189 1343 4244 iuter

169 4275 193 4312 c.
210 4262 254 4320 29,
270 4263 341 4311 4.-
357 4256 461 4309 Totum
477 4256 569 4311 locam
585 4272 734 4325 „eaque-
777 4276 841 4313 auoa
860 4258 912 4313 aibi
930 4262 1141 4331 comparabant,
1158 4280 1215 4333 qua
1232 4275 1341 4319 austen-

164 4332 332 4403 γηρᾶν(
354 4332 544 4387 Doederlinua
563 4333 735 4403 trampoanit
776 4336 826 4393 tati
856 4338 1002 4392 adveraam
1029 4340 1206 4411 popularium
1233 4350 1342 4413 panem

168 4418 235 4487 poet
261 4410 436 4482 „ocleat“.
472 4410 532 4467 Sed
558 4411 645 4468 rerba
673 4417 735 4467 arte
777 4414 860 4471 facila
879 4412 1080 4489 opprimerent.
