3067 4867
193 357 237 425 42
614 355 799 413 conuunu
814 356 945 413 pacm

194 526 230 591 in
249 527 396 595 surculos
420 540 604 615 amputant,
625 552 749 615 eosque
772 529 858 607 uotis
877 528 1071 615 quibusdam
1091 522 1249 591 discretos
1261 519 1371 612 'super

155 661 158 667 ’
195 638 366 705 candidam
387 649 511 704 vestem
529 648 649 715 temere
668 662 706 705 ac
722 626 855 705 fortuito
876 627 1042 725 spargunt.
1078 616 1172 714 Mox}
1192 635 1372 723 aipublice

194 747 391 825 consuetur,
415 749 569 815 sacerdos
590 749 739 828 civitatis,
763 750 814 813 sin
828 750 996 835 (privatim,
1020 748 1091 835 ipse
1114 745 1372 834 paterfamiliae

194 868 345 945 precatus
372 859 452 947 deos
481 859 673 945 coelumque
700 858 882 945 suspiciens
909 870 957 923 ter
982 858 1129 943 singulos
1157 858 1257 935 tollit,
1289 855 1369 921 sub-

193 968 278 1033 latos
301 969 480 1035 secundum
501 969 693 1055 impransum
715 980 790 1033 ante
812 979 922 1033 notam
948 968 1185 1054 interpretatur.
1230 963 1266 1035 Si
1280 978 1397 1052 *pro-2

194 1078 385 1155 nituerunt,
414 1078 503 1143 nulla
532 1079 575 1143 de
604 1080 719 1144 eadem
749 1101 784 1143 re
811 1079 845 1143 in
874 1078 1011 1161 eundem
1040 1077 1125 1142 diem
1153 1074 1370 1150 consultati03

124 1268 129 1274 ι
195 1188 244 1252 sin
270 1187 482 1274 permissum,
517 1188 736 1275 auspiciorum
767 1188 874 1254 adhuc
902 1188 983 1253 fides
1014 1187 1162 1273 exigitur.
1215 1189 1260 1251 Et
1289 1185 1371 1250 illud

194 1297 326 1383 quidem
347 1298 444 1363 etiam
467 1297 520 1363 hic
540 1309 667 1377 notum,
696 1298 804 1363 avium
825 1320 922 1363 voces
943 1297 1136 1382 volatusque
1158 1299 1371 1381 interrogare.

194 1407 370 1495 Proprium
392 1408 498 1494 gentis
529 1431 686 1493 equorum
712 1432 845 1495 quoque
874 1410 1046 1495 praesagia
1075 1429 1114 1473 ao
1139 1406 1283 1473 monitus
1312 1414 1398 1471 οῖ’-3

195 1518 301 1606 periri.
349 1518 488 1584 Publice
517 1520 646 1584 aluntur
673 1518 793 1583 iisdem
821 1513 1008 1583 nemoribus
1038 1538 1076 1582 ac
1104 1517 1203 1595 lucie,
1237 1515 1372 1581 candidi

196 1639 229 1695 et
259 1628 347 1695 nullo
376 1628 504 1695 mortali
536 1652 636 1717 opere
669 1620 828 1705 contacti,
864 1651 947 1713 quos
980 1648 1112 1717 pressos
1147 1650 1241 1694 sacro
1276 1649 1374 1691 curru

229 1849 384 1920 amputant]
405 1848 423 1904 i.
442 1866 466 1903 e.
486 1848 631 1903 dissecant.
838 1848 868 1900 in
879 1846 995 1899 eundern
1008 1848 1091 1916 diem]
1112 1849 1149 1902 In
1167 1864 1191 1902 o.
1212 1844 1373 1902 accusativo

228 1927 345 1980 uotic-
357 1926 503 1995 diecreoa]
523 1926 582 1979 Eae
601 1935 685 1981 notae
704 1943 760 1980 non
805 1922 1376 1995 pendetexverbodecetuitamvelaimili.

194 2004 309 2058 fumant
329 2004 440 2057 litterae
457 1999 514 2057 sive
532 2020 629 2071 ranae,
649 2005 700 2057 sed
720 2003 760 2055 in·
838 2001 1027 2071 auspiciorum
1045 2002 1138 2055 adnue
1148 2002 1226 2071 fidae
1243 2000 1375 2069 eaipitffl

195 2082 303 2137 cisaram
328 2081 406 2134 uaria
428 2079 531 2148 forma,
554 2081 598 2135 vel
621 2079 761 2151 simplices
804 2078 1002 2147 Auepiciorum
1013 2080 1089 2148 fidee
1103 2084 1146 2131 est
1158 2080 1236 2145 fidae
1254 2077 1318 2131 sive
1331 2094 1377 2132 ue·

195 2158 296 2213 lineae.
804 2155 900 2209 ritutie
926 2156 1099 2225 confirmatio
1125 2156 1379 2225 (Bepluubs‘puttp),

228 2233 760 2303 cmm]i.e.stragulum(eiuLaken);
804 2231 1268 2302 quamcuapc'cicfociuut.
1305 2232 1376 2287 Sen-

195 2313 231 2367 es.
250 2329 275 2367 c.
293 2317 335 2373 27,
356 2316 378 2366 l.
400 2317 442 2375 40,
461 2316 485 2366 3.
805 2306 892 2362 tentia
906 2307 990 2375 igitur
1002 2310 1072 2362 haec
1085 2315 1139 2361 est:
1159 2308 1206 2361 nbi
1220 2327 1273 2379 par
1286 2316 1376 2363 eortec

229 2388 339 2457 umere]
364 2387 382 2442 i.
402 2406 426 2443 a.
447 2387 524 2441 nullo
546 2393 622 2441 certo
645 2384 760 2439 consilio
805 2383 981 2453 exploratum
999 2392 1054 2451 est,
1073 2384 1116 2449 id,
1135 2388 1170 2439 do
1189 2402 1245 2455 quo
1265 2386 1376 2441 conuul-

195 2474 245 2520 aat
269 2466 379 2518 ratione
404 2465 513 2535 (Germ.
535 2463 666 2534 platalea,
693 2463 763 2528 ause
804 2468 877 2525 tant,
906 2462 1071 2530 permissum
1095 2480 1170 2526 esse,
1201 2480 1258 2532 quo
1285 2460 1376 2534 magis

193 2543 441 2613 enneaconta-
459 2542 589 2596 Fortuc’to
606 2566 641 2587 ==
655 2549 685 2593 ut
704 2543 762 2593 fors
805 2537 925 2593 sortibus
953 2538 1107 2604 confidant,
1133 2538 1218 2593 etiam
1243 2539 1377 2610 campiola

195 2620 268 2676 tulit.
806 2616 922 2680 habent,
951 2632 1070 2685 qnorum
1094 2617 1163 2670 fides
1193 2619 1313 2671 accedat
1339 2617 1376 2671 ad

229 2695 397 2763 coneuleturl
430 2696 564 2749 Futurum
593 2695 699 2763 pendet
726 2710 762 2748 ex
805 2694 921 2749 sortium
941 2695 1033 2747 fidam.

195 2790 361 2845 praegressa
391 2772 509 2827 sortium
539 2769 762 2842 praeparatione,
841 2768 970 2838 enipitur]
985 2768 1002 2823 i.
1012 2788 1036 2825 e.
1047 2768 1225 2839 exploratur3
1239 2768 1274 2823 cf.
1286 2775 1342 2833 αῖ,
1350 2774 1376 2823 4.

196 2868 280 2922 qnam
301 2844 428 2919 sequitur
445 2849 506 2919 ipsa
525 2846 703 2907 consultatio.
840 2852 866 2899 et
880 2846 955 2899 illud
966 2846 1078 2915 quidem
1091 2846 1155 2915 ete]
1172 2844 1229 2899 Per
1245 2852 1272 2899 et
1289 2864 1377 2915 quum

229 2936 273 2981 ter
291 2957 326 2966 —
342 2927 427 2995 tollit]
454 2928 489 2981 Id
507 2927 611 2979 factum
628 2923 712 2980 etiam
734 2924 763 2979 in
806 2921 1378 2991 adiungitursententiaantecerlentenril-

195 3005 291 3059 Valer.
310 3004 433 3058 Procillo
452 3011 522 3058 teste
542 3000 623 3056 Caes.
641 3001 674 3054 B.
690 3002 723 3056 G.
740 3002 762 3068 Ι,
805 3002 926 3055 lustrans
939 3009 1022 3069 atque
1036 3000 1188 3071 explicans,
1199 3000 1378 3069 copulativae

196 3088 238 3147 53,
256 3085 280 3137 7.
299 3110 333 3121 -
805 3076 961 3149 particulae
979 3076 1021 3129 vis
1041 3076 1142 3129 transit
1160 3074 1189 3128 in
1207 3076 1378 3145 causaalem3

228 3159 379 3213 meandum
398 3184 432 3197 -
451 3157 556 3224 notum]
587 3155 605 3209 i.
631 3172 655 3210 e.
682 3156 760 3225 quasi
805 3172 831 3209 v.
852 3156 886 3205 ad
905 3151 999 3222 Agric.
1022 3170 1046 3207 c.
1066 3158 1107 3217 37,
1127 3157 1152 3206 2.
1171 3182 1207 3191 -

195 3238 298 3292 maen
315 3242 427 3289 secutus
444 3241 548 3287 notam.
841 3229 924 3297 illud]
937 3228 1022 3283 Illud
1033 3232 1077 3297 (=
1089 3228 1139 3281 illa
1153 3228 1298 3283 notissima
1310 3245 1378 3283 con-

230 3312 439 3384 interpretemur]
477 3310 521 3363 De
552 3309 614 3379 ipsa
647 3309 762 3364 sortium
805 3307 926 3362 suetudo
949 3308 1056 3374 nostru)
1077 3304 1145 3374 quid
1166 3304 1214 3370 sit,
1239 3304 1377 3375 appositis

195 3388 425 3462 interpretatione
444 3386 606 3441 Orellina
625 3388 696 3441 haec
714 3404 762 3441 an·
805 3381 897 3438 verbis
916 3382 1009 3435 avium
1022 3398 1102 3436 uoces
1113 3383 1281 3452 volutaeque
1293 3382 1380 3435 iuter·

194 3478 290 3526 notat:
317 3464 575 3535 „Tm-curcum·
591 3463 680 3533 teau,
707 3482 764 3519 eon
804 3476 907 3529 copore
927 3458 1074 3514 indicatur.

194 3546 280 3603 amul
304 3544 430 3614 quidem,
453 3542 505 3594 ced
526 3558 611 3594 uuum
631 3548 698 3610 poet
720 3543 762 3596 al·
841 3535 925 3589 etiam
943 3534 997 3603 laic]
1022 3534 1039 3589 i.
1059 3552 1083 3589 e.
1104 3533 1187 3588 etiam
1211 3532 1241 3587 in
1260 3532 1379 3589 Germa·

194 3634 298 3690 mm,
325 3621 400 3674 uude
420 3617 597 3688 quudntplec
614 3619 763 3685 eaput-ium
806 3614 865 3677 nia,
898 3611 981 3665 etiam
1011 3613 1087 3682 apud
1118 3610 1284 3667 Germanos.
1335 3611 1380 3665 Ita

193 3702 287 3757 venue
300 3704 433 3769 porcum,-
457 3714 524 3749 nam
541 3702 590 3748 cut
609 3710 702 3747 omcea
719 3695 764 3748 cel
806 3704 830 3746 c.
850 3694 874 3757 3,
894 3694 917 3743 3.
945 3690 983 3742 In
1006 3690 1094 3741 lunc
1115 3689 1258 3743 Occursum
1282 3697 1327 3741 est
1350 3688 1382 3741 a'n

195 3779 321 3840 cubant,
341 3774 385 3827 uel
399 3772 604 3843 moucheim,-
625 3777 675 3823 aut
691 3771 764 3824 duca
807 3770 946 3823 Oceanum
967 3764 1172 3819 Germanicum.
1271 3782 1273 3785 ⁴

195 3857 302 3910 aiemea
314 3869 399 3907 unum
407 3848 607 3919 mentientem,
620 3853 669 3899 aut
684 3847 763 3899 deai-
842 3848 866 3897 3.
887 3858 1017 3909 equorum
1034 3841 1151 3910 quoque]
1175 3838 1301 3911 Supple:
1323 3859 1382 3897 aaa

195 3948 249 4003 que
266 3948 352 3983 unum
370 3928 491 3982 arentem
501 3927 574 3977 duce
584 3923 765 3992 prohibentes
806 3920 899 3973 cuium
919 3919 1001 3970 modo
1018 3918 1077 3980 aed,
1095 3918 1155 3972 vel:
1171 3926 1291 3987 praeter
1307 3918 1383 3973 alio·

195 4007 339 4063 maphate
805 4012 870 4048 rum
890 3992 1071 4061 animalium
1091 4012 1116 4047 v.
1136 3996 1172 4047 ad
1192 4011 1215 4051 c.
1231 4000 1256 4061 9,
1272 4001 1295 4050 1.
1327 3992 1382 4050 Ce-

232 4090 258 4137 2.
282 4082 363 4135 nullu
380 4082 417 4133 de
435 4078 535 4133 eadam
551 4094 583 4129 re
600 4106 633 4115 —
655 4075 764 4127 nonaul-
807 4081 897 4125 terum
914 4086 1044 4138 equorum
1061 4078 1103 4123 est
1115 4070 1256 4139 genitivus
1272 4070 1383 4127 activus

197 4157 278 4226 tutio]
303 4156 447 4225 „Reum
463 4162 563 4208 canuc
586 4152 617 4205 iu
636 4152 764 4205 adcereie
807 4147 853 4200 vel
875 4144 1058 4211 subiectiv'us‚
1082 4153 1112 4200 ut
1132 4148 1217 4218 paulo
1239 4157 1307 4203 aute
1331 4168 1384 4204 uu·

196 4235 333 4304 naupactis
341 4250 429 4293 nocue
437 4231 544 4286 lectiae
552 4229 765 4290 macturedcoe·
807 4221 971 4293 specierum.

197 4328 251 4383 pse
270 4311 405 4378 fotipore
431 4307 573 4370 colebant,
600 4307 688 4360 dorwc
712 4306 764 4358 ud·
843 4299 974 4367 apulae]
1003 4298 1020 4351 i.
1040 4315 1064 4353 e.
1083 4315 1139 4354 nen
1159 4301 1310 4372 negligere
1331 4306 1385 4361 aad

198 4387 350 4446 dicerent.“
384 4380 545 4441 RITTER.
808 4375 996 4446 interpretari.
1469 4398 1474 4409 .
