<?xml version="1.0" encoding="UTF-8"?>
<!DOCTYPE html PUBLIC "-//W3C//DTD XHTML 1.0 Transitional//EN"
    "http://www.w3.org/TR/xhtml1/DTD/xhtml1-transitional.dtd">
<html xmlns="http://www.w3.org/1999/xhtml" xml:lang="en" lang="en">
 <head>
  <title>
</title>
<meta http-equiv="Content-Type" content="text/html;charset=utf-8" />
  <meta name='ocr-system' content='tesseract 3.04.00' />
  <meta name='ocr-capabilities' content='ocr_page ocr_carea ocr_par ocr_line ocrx_word'/>
</head>
<body>
  <div class='ocr_page' id='page_1' title='image "./pcorneliitaciti00wexgoog/pcorneliitaciti00wexgoog_0118.png"; bbox 0 0 3067 4867; ppageno 0'>
   <div class='ocr_carea' id='block_1_1' title="bbox 189 265 949 348">
    <p class='ocr_par' dir='ltr' id='par_1_1' title="bbox 189 265 949 348">
     <span class='ocr_line' id='line_1_1' title="bbox 189 265 949 348; baseline 0.008 -23"><span class='ocrx_word' id='word_1_1' title='bbox 189 265 235 348; x_wconf 70' lang='lat'>93</span> <span class='ocrx_word' id='word_1_2' title='bbox 615 270 796 332; x_wconf 74' lang='lat' dir='ltr'>cortuum</span> <span class='ocrx_word' id='word_1_3' title='bbox 817 270 949 332; x_wconf 78' lang='lat' dir='ltr'>mmm</span> 
     </span>
    </p>
   </div>
   <div class='ocr_carea' id='block_1_2' title="bbox 192 459 1392 1106">
    <p class='ocr_par' dir='ltr' id='par_1_2' title="bbox 192 459 1392 1106">
     <span class='ocr_line' id='line_1_2' title="bbox 196 459 1366 553; baseline 0.003 -23"><span class='ocrx_word' id='word_1_4' title='bbox 196 459 399 538; x_wconf 66' lang='lat' dir='ltr'>audiebatur,</span> <span class='ocrx_word' id='word_1_5' title='bbox 421 462 494 528; x_wconf 79' lang='lat' dir='ltr'>viae</span> <span class='ocrx_word' id='word_1_6' title='bbox 515 461 626 529; x_wconf 82' lang='lat' dir='ltr'>cleeaia</span> <span class='ocrx_word' id='word_1_7' title='bbox 647 461 937 550; x_wconf 79' lang='lat' dir='ltr'>obatupelaoiebat</span> <span class='ocrx_word' id='word_1_8' title='bbox 959 473 1124 550; x_wconf 78' lang='lat' dir='ltr'><strong>tamquam</strong></span> <span class='ocrx_word' id='word_1_9' title='bbox 1140 475 1252 553; x_wconf 82' lang='lat' dir='ltr'>aperto</span> <span class='ocrx_word' id='word_1_10' title='bbox 1268 467 1366 534; x_wconf 81' lang='lat' dir='ltr'>inerit</span> 
     </span>
     <span class='ocr_line' id='line_1_3' title="bbox 196 572 1392 660; baseline 0 -21"><span class='ocrx_word' id='word_1_11' title='bbox 196 573 247 639; x_wconf 84' lang='lat' dir='ltr'>aui</span> <span class='ocrx_word' id='word_1_12' title='bbox 274 584 399 638; x_wconf 81' lang='lat' dir='ltr'>secreto</span> <span class='ocrx_word' id='word_1_13' title='bbox 424 572 572 639; x_wconf 90' lang='lat' dir='ltr'>ultimum</span> <span class='ocrx_word' id='word_1_14' title='bbox 592 573 685 640; x_wconf 77' lang='lat' dir='ltr'>victis</span> <span class='ocrx_word' id='word_1_15' title='bbox 708 573 893 660; x_wconf 83' lang='lat' dir='ltr'><strong>perfugium</strong></span> <span class='ocrx_word' id='word_1_16' title='bbox 917 575 1129 645; x_wconf 77' lang='lat' dir='ltr'>clauderetur.</span> <span class='ocrx_word' id='word_1_17' title='bbox 1172 578 1228 642; x_wconf 89' lang='lat' dir='ltr'>Ad</span> <span class='ocrx_word' id='word_1_18' title='bbox 1250 588 1392 644; x_wconf 79' lang='lat' dir='ltr'>menust</span> 
     </span>
     <span class='ocr_line' id='line_1_4' title="bbox 194 681 1364 774; baseline 0.005 -26"><span class='ocrx_word' id='word_1_19' title='bbox 194 693 228 748; x_wconf 93' lang='lat' dir='ltr'>et</span> <span class='ocrx_word' id='word_1_20' title='bbox 249 705 339 748; x_wconf 85' lang='lat' dir='ltr'>arma</span> <span class='ocrx_word' id='word_1_21' title='bbox 360 684 510 750; x_wconf 77' lang='lat' dir='ltr'>conversi</span> <span class='ocrx_word' id='word_1_22' title='bbox 525 681 739 750; x_wconf 69' lang='lat' dir='ltr'>Caledoniam</span> <span class='ocrx_word' id='word_1_23' title='bbox 760 684 938 750; x_wconf 78' lang='lat' dir='ltr'><strong>incolentes</strong></span> <span class='ocrx_word' id='word_1_24' title='bbox 962 686 1077 772; x_wconf 88' lang='lat' dir='ltr'>populi</span> <span class='ocrx_word' id='word_1_25' title='bbox 1099 697 1215 774; x_wconf 84' lang='lat' dir='ltr'>paratu</span> <span class='ocrx_word' id='word_1_26' title='bbox 1235 711 1364 772; x_wconf 76' lang='lat' dir='ltr'>magno,</span> 
     </span>
     <span class='ocr_line' id='line_1_5' title="bbox 192 792 1364 883; baseline 0.005 -25"><span class='ocrx_word' id='word_1_27' title='bbox 192 793 316 858; x_wconf 89' lang='lat' dir='ltr'>maiore</span> <span class='ocrx_word' id='word_1_28' title='bbox 337 792 438 870; x_wconf 80' lang='lat' dir='ltr'>lema,</span> <span class='ocrx_word' id='word_1_29' title='bbox 460 795 508 860; x_wconf 87' lang='lat' dir='ltr'>uti</span> <span class='ocrx_word' id='word_1_30' title='bbox 529 816 601 860; x_wconf 87' lang='lat' dir='ltr'>moa</span> <span class='ocrx_word' id='word_1_31' title='bbox 623 804 672 860; x_wconf 83' lang='lat' dir='ltr'>eet</span> <span class='ocrx_word' id='word_1_32' title='bbox 695 795 736 860; x_wconf 91' lang='lat' dir='ltr'>de</span> <span class='ocrx_word' id='word_1_33' title='bbox 757 795 897 881; x_wconf 74' lang='lat' dir='ltr'>ignotis,</span> <span class='ocrx_word' id='word_1_34' title='bbox 927 815 1120 883; x_wconf 78' lang='lat' dir='ltr'>oppugnare</span> <span class='ocrx_word' id='word_1_35' title='bbox 1141 797 1224 864; x_wconf 89' lang='lat' dir='ltr'>ultro</span> <span class='ocrx_word' id='word_1_36' title='bbox 1246 799 1364 864; x_wconf 83' lang='lat' dir='ltr'>caelel-</span> 
     </span>
     <span class='ocr_line' id='line_1_6' title="bbox 195 903 1364 1002; baseline 0.005 -34"><span class='ocrx_word' id='word_1_37' title='bbox 195 903 264 969; x_wconf 88' lang='lat' dir='ltr'>lum</span> <span class='ocrx_word' id='word_1_38' title='bbox 283 903 407 981; x_wconf 82' lang='lat' dir='ltr'>adorti,</span> <span class='ocrx_word' id='word_1_39' title='bbox 427 913 548 970; x_wconf 88' lang='lat' dir='ltr'>metum</span> <span class='ocrx_word' id='word_1_40' title='bbox 572 916 608 970; x_wconf 92' lang='lat' dir='ltr'>ut</span> <span class='ocrx_word' id='word_1_41' title='bbox 629 917 846 998; x_wconf 76' lang='lat' dir='ltr'>provocantes</span> <span class='ocrx_word' id='word_1_42' title='bbox 869 905 1077 984; x_wconf 88' lang='lat' dir='ltr'>addideraut;</span> <span class='ocrx_word' id='word_1_43' title='bbox 1099 908 1364 1002; x_wconf 72' lang='lat' dir='ltr'>regrediendum·</span> 
     </span>
     <span class='ocr_line' id='line_1_7' title="bbox 194 1005 1364 1106; baseline 0.003 -26"><span class='ocrx_word' id='word_1_44' title='bbox 194 1037 259 1100; x_wconf 91' lang='lat' dir='ltr'>que</span> <span class='ocrx_word' id='word_1_45' title='bbox 279 1016 360 1080; x_wconf 82' lang='lat' dir='ltr'>citra</span> <span class='ocrx_word' id='word_1_46' title='bbox 380 1015 585 1094; x_wconf 73' lang='lat' dir='ltr'>Bodotriam,</span> <span class='ocrx_word' id='word_1_47' title='bbox 607 1025 639 1082; x_wconf 88' lang='lat' dir='ltr'>et</span> <span class='ocrx_word' id='word_1_48' title='bbox 661 1017 886 1084; x_wconf 85' lang='lat' dir='ltr'>excedendum</span> <span class='ocrx_word' id='word_1_49' title='bbox 909 1017 1018 1104; x_wconf 83' lang='lat' dir='ltr'>potius</span> <span class='ocrx_word' id='word_1_50' title='bbox 1041 1041 1139 1104; x_wconf 90' lang='lat' dir='ltr'>quam</span> <span class='ocrx_word' id='word_1_51' title='bbox 1152 1005 1364 1106; x_wconf 87' lang='lat' dir='ltr'>pellerentur,</span> 
     </span>
    </p>
   </div>
   <div class='ocr_carea' id='block_1_3' title="bbox 192 1125 1501 1217">
    <p class='ocr_par' dir='ltr' id='par_1_3' title="bbox 192 1125 1501 1217">
     <span class='ocr_line' id='line_1_8' title="bbox 192 1125 1501 1217; baseline 0.002 -25"><span class='ocrx_word' id='word_1_52' title='bbox 192 1125 304 1213; x_wconf 83' lang='lat' dir='ltr'>ignavi</span> <span class='ocrx_word' id='word_1_53' title='bbox 326 1126 436 1213; x_wconf 82' lang='lat' dir='ltr'>specie</span> <span class='ocrx_word' id='word_1_54' title='bbox 457 1127 663 1213; x_wconf 89' lang='lat' dir='ltr'>prudentium</span> <span class='ocrx_word' id='word_1_55' title='bbox 685 1126 913 1205; x_wconf 81' lang='lat' dir='ltr'>admonebunt,</span> <span class='ocrx_word' id='word_1_56' title='bbox 936 1152 1034 1214; x_wconf 87' lang='lat' dir='ltr'>quum</span> <span class='ocrx_word' id='word_1_57' title='bbox 1050 1128 1178 1196; x_wconf 85' lang='lat' dir='ltr'>interim</span> <span class='ocrx_word' id='word_1_58' title='bbox 1192 1130 1386 1217; x_wconf 71' lang='lat' dir='ltr'>cognoscite</span> <span class='ocrx_word' id='word_1_59' title='bbox 1497 1151 1501 1160; x_wconf 63' lang='lat'><strong>¹</strong></span> 
     </span>
    </p>
   </div>
   <div class='ocr_carea' id='block_1_4' title="bbox 146 1235 1369 1546">
    <p class='ocr_par' dir='ltr' id='par_1_4' title="bbox 146 1235 1369 1546">
     <span class='ocr_line' id='line_1_9' title="bbox 193 1235 1369 1328; baseline 0.006 -27"><span class='ocrx_word' id='word_1_60' title='bbox 193 1235 304 1305; x_wconf 77' lang='lat' dir='ltr'>hortea</span> <span class='ocrx_word' id='word_1_61' title='bbox 333 1235 480 1323; x_wconf 81' lang='lat' dir='ltr'>pluribus</span> <span class='ocrx_word' id='word_1_62' title='bbox 508 1237 693 1323; x_wconf 72' lang='lat' dir='ltr'>agminibus</span> <span class='ocrx_word' id='word_1_63' title='bbox 719 1239 909 1326; x_wconf 86' lang='lat' dir='ltr'>irrupturos.</span> <span class='ocrx_word' id='word_1_64' title='bbox 959 1241 1012 1306; x_wconf 83' lang='lat' dir='ltr'>Ac</span> <span class='ocrx_word' id='word_1_65' title='bbox 1040 1262 1082 1308; x_wconf 89' lang='lat' dir='ltr'>ue</span> <span class='ocrx_word' id='word_1_66' title='bbox 1104 1250 1281 1328; x_wconf 79' lang='lat' dir='ltr'>superante</span> <span class='ocrx_word' id='word_1_67' title='bbox 1299 1265 1369 1308; x_wconf 55' lang='lat' dir='ltr'>nu«</span> 
     </span>
     <span class='ocr_line' id='line_1_10' title="bbox 146 1347 1361 1439; baseline 0.007 -29"><span class='ocrx_word' id='word_1_68' title='bbox 146 1364 148 1367; x_wconf 89' lang='grc'><strong><em>·</em></strong></span> <span class='ocrx_word' id='word_1_69' title='bbox 193 1368 282 1411; x_wconf 90' lang='lat' dir='ltr'>mero</span> <span class='ocrx_word' id='word_1_70' title='bbox 312 1356 344 1411; x_wconf 85' lang='lat' dir='ltr'>et</span> <span class='ocrx_word' id='word_1_71' title='bbox 370 1347 487 1434; x_wconf 91' lang='lat' dir='ltr'>peritia</span> <span class='ocrx_word' id='word_1_72' title='bbox 513 1347 660 1413; x_wconf 88' lang='lat' dir='ltr'>locorum</span> <span class='ocrx_word' id='word_1_73' title='bbox 689 1349 923 1427; x_wconf 64' lang='lat' dir='ltr'>circumiretur.</span> <span class='ocrx_word' id='word_1_74' title='bbox 952 1350 1055 1415; x_wconf 83' lang='lat' dir='ltr'>diviso</span> <span class='ocrx_word' id='word_1_75' title='bbox 1087 1360 1118 1416; x_wconf 90' lang='lat' dir='ltr'>et</span> <span class='ocrx_word' id='word_1_76' title='bbox 1147 1351 1219 1439; x_wconf 84' lang='lat' dir='ltr'>ipse</span> <span class='ocrx_word' id='word_1_77' title='bbox 1241 1351 1274 1418; x_wconf 89' lang='lat' dir='ltr'>in</span> <span class='ocrx_word' id='word_1_78' title='bbox 1296 1361 1361 1418; x_wconf 80' lang='lat' dir='ltr'>tren</span> 
     </span>
     <span class='ocr_line' id='line_1_11' title="bbox 191 1457 629 1546; baseline 0.007 -25"><span class='ocrx_word' id='word_1_79' title='bbox 191 1467 302 1546; x_wconf 82' lang='lat' dir='ltr'>partes</span> <span class='ocrx_word' id='word_1_80' title='bbox 324 1457 466 1524; x_wconf 88' lang='lat' dir='ltr'>exercitu</span> <span class='ocrx_word' id='word_1_81' title='bbox 486 1458 629 1525; x_wconf 83' lang='lat' dir='ltr'>incessit.</span> 
     </span>
    </p>
   </div>
   <div class='ocr_carea' id='block_1_5' title="bbox 112 1645 1365 4430">
    <p class='ocr_par' dir='ltr' id='par_1_5' title="bbox 190 1645 1365 2260">
     <span class='ocr_line' id='line_1_12' title="bbox 227 1645 1364 1718; baseline 0.002 -18"><span class='ocrx_word' id='word_1_82' title='bbox 227 1650 252 1700; x_wconf 79' lang='grc'>3.</span> <span class='ocrx_word' id='word_1_83' title='bbox 272 1651 369 1714; x_wconf 80' lang='lat' dir='ltr'>operto</span> <span class='ocrx_word' id='word_1_84' title='bbox 386 1646 476 1699; x_wconf 67' lang='lat' dir='ltr'>murm</span> <span class='ocrx_word' id='word_1_85' title='bbox 492 1646 539 1700; x_wconf 78' lang='lat' dir='ltr'>ecl</span> <span class='ocrx_word' id='word_1_86' title='bbox 554 1645 670 1716; x_wconf 68' lang='lat' dir='ltr'>terreto]</span> <span class='ocrx_word' id='word_1_87' title='bbox 697 1647 713 1700; x_wconf 89' lang='grc' dir='ltr'>ἰ.</span> <span class='ocrx_word' id='word_1_88' title='bbox 734 1665 757 1702; x_wconf 90' lang='lat' dir='ltr'>e.</span> <span class='ocrx_word' id='word_1_89' title='bbox 833 1653 863 1700; x_wconf 83' lang='lat' dir='ltr'>at</span> <span class='ocrx_word' id='word_1_90' title='bbox 875 1647 1072 1718; x_wconf 73' lang='lat' dir='ltr'>provocamen]</span> <span class='ocrx_word' id='word_1_91' title='bbox 1091 1647 1225 1718; x_wconf 86' lang='lat' dir='ltr'>Spectant</span> <span class='ocrx_word' id='word_1_92' title='bbox 1241 1649 1312 1702; x_wconf 85' lang='lat' dir='ltr'>haee</span> <span class='ocrx_word' id='word_1_93' title='bbox 1326 1646 1364 1702; x_wconf 87' lang='lat' dir='ltr'>ite</span> 
     </span>
     <span class='ocr_line' id='line_1_13' title="bbox 193 1722 1363 1796; baseline 0.002 -20"><span class='ocrx_word' id='word_1_94' title='bbox 193 1722 272 1776; x_wconf 80' lang='lat' dir='ltr'>adito</span> <span class='ocrx_word' id='word_1_95' title='bbox 301 1722 377 1776; x_wconf 79' lang='lat' dir='ltr'>mari</span> <span class='ocrx_word' id='word_1_96' title='bbox 400 1737 464 1789; x_wconf 81' lang='lat' dir='ltr'>eno,</span> <span class='ocrx_word' id='word_1_97' title='bbox 491 1725 568 1795; x_wconf 75' lang='lat' dir='ltr'>qnod</span> <span class='ocrx_word' id='word_1_98' title='bbox 593 1724 647 1777; x_wconf 82' lang='lat' dir='ltr'>luc</span> <span class='ocrx_word' id='word_1_99' title='bbox 672 1741 757 1794; x_wconf 74' lang='lat' dir='ltr'>neque</span> <span class='ocrx_word' id='word_1_100' title='bbox 800 1726 836 1777; x_wconf 88' lang='lat' dir='ltr'>ad</span> <span class='ocrx_word' id='word_1_101' title='bbox 871 1725 1070 1794; x_wconf 78' lang='lat' dir='ltr'>praecedentia</span> <span class='ocrx_word' id='word_1_102' title='bbox 1098 1742 1259 1796; x_wconf 78' lang='lat' dir='ltr'>oppcprtare</span> <span class='ocrx_word' id='word_1_103' title='bbox 1288 1725 1363 1778; x_wconf 81' lang='lat' dir='ltr'>ultro</span> 
     </span>
     <span class='ocr_line' id='line_1_14' title="bbox 192 1799 1363 1873; baseline 0.002 -19"><span class='ocrx_word' id='word_1_104' title='bbox 192 1799 479 1869; x_wconf 70' lang='lat' dir='ltr'>incoquitumseterct.</span> <span class='ocrx_word' id='word_1_105' title='bbox 498 1800 635 1864; x_wconf 88' lang='lat' dir='ltr'>-Quod</span> <span class='ocrx_word' id='word_1_106' title='bbox 654 1817 755 1872; x_wconf 81' lang='lat' dir='ltr'>aper·</span> <span class='ocrx_word' id='word_1_107' title='bbox 798 1801 909 1866; x_wconf 80' lang='lat' dir='ltr'>adorti,</span> <span class='ocrx_word' id='word_1_108' title='bbox 932 1809 974 1867; x_wconf 90' lang='lat' dir='ltr'>ut,</span> <span class='ocrx_word' id='word_1_109' title='bbox 992 1821 1076 1873; x_wconf 90' lang='lat' dir='ltr'>quum</span> <span class='ocrx_word' id='word_1_110' title='bbox 1094 1801 1144 1856; x_wconf 83' lang='lat' dir='ltr'>ille</span> <span class='ocrx_word' id='word_1_111' title='bbox 1163 1803 1267 1856; x_wconf 81' lang='lat' dir='ltr'>factum</span> <span class='ocrx_word' id='word_1_112' title='bbox 1289 1803 1363 1856; x_wconf 88' lang='lat' dir='ltr'>nude</span> 
     </span>
     <span class='ocr_line' id='line_1_15' title="bbox 192 1877 1363 1950; baseline 0 -18"><span class='ocrx_word' id='word_1_113' title='bbox 192 1886 227 1932; x_wconf 91' lang='lat' dir='ltr'>to</span> <span class='ocrx_word' id='word_1_114' title='bbox 249 1877 326 1932; x_wconf 82' lang='lat' dir='ltr'>muri</span> <span class='ocrx_word' id='word_1_115' title='bbox 349 1877 510 1932; x_wconf 72' lang='lat' dir='ltr'>clausam</span> <span class='ocrx_word' id='word_1_116' title='bbox 532 1877 634 1933; x_wconf 89' lang='lat' dir='ltr'>dicitur</span> <span class='ocrx_word' id='word_1_117' title='bbox 653 1881 755 1949; x_wconf 77' lang='lat' dir='ltr'>perfer·</span> <span class='ocrx_word' id='word_1_118' title='bbox 798 1897 849 1950; x_wconf 87' lang='lat' dir='ltr'>per</span> <span class='ocrx_word' id='word_1_119' title='bbox 868 1897 897 1934; x_wconf 83' lang='lat' dir='ltr'>se</span> <span class='ocrx_word' id='word_1_120' title='bbox 917 1879 1051 1948; x_wconf 86' lang='lat' dir='ltr'>indicent,</span> <span class='ocrx_word' id='word_1_121' title='bbox 1069 1882 1138 1934; x_wconf 78' lang='lat' dir='ltr'>haec</span> <span class='ocrx_word' id='word_1_122' title='bbox 1156 1897 1189 1934; x_wconf 93' lang='lat' dir='ltr'>eo</span> <span class='ocrx_word' id='word_1_123' title='bbox 1202 1879 1363 1950; x_wconf 72' lang='lat' dir='ltr'>respiciunt,</span> 
     </span>
     <span class='ocr_line' id='line_1_16' title="bbox 190 1953 1364 2029; baseline 0.001 -19"><span class='ocrx_word' id='word_1_124' title='bbox 190 1955 275 2024; x_wconf 73' lang='lat' dir='ltr'>piam,</span> <span class='ocrx_word' id='word_1_125' title='bbox 293 1953 417 2026; x_wconf 76' lang='lat' dir='ltr'>argutius</span> <span class='ocrx_word' id='word_1_126' title='bbox 436 1955 539 2010; x_wconf 89' lang='lat' dir='ltr'>dictum</span> <span class='ocrx_word' id='word_1_127' title='bbox 559 1964 608 2018; x_wconf 79' lang='lat' dir='ltr'>ent,</span> <span class='ocrx_word' id='word_1_128' title='bbox 626 1965 655 2011; x_wconf 86' lang='lat' dir='ltr'>et</span> <span class='ocrx_word' id='word_1_129' title='bbox 669 1975 755 2029; x_wconf 89' lang='lat' dir='ltr'>quan·</span> <span class='ocrx_word' id='word_1_130' title='bbox 799 1967 938 2028; x_wconf 80' lang='lat' dir='ltr'>quatenus</span> <span class='ocrx_word' id='word_1_131' title='bbox 963 1957 993 2011; x_wconf 91' lang='lat' dir='ltr'>id</span> <span class='ocrx_word' id='word_1_132' title='bbox 1015 1975 1115 2012; x_wconf 80' lang='lat' dir='ltr'>ennaea</span> <span class='ocrx_word' id='word_1_133' title='bbox 1138 1957 1243 2010; x_wconf 86' lang='lat' dir='ltr'>exstitit</span> <span class='ocrx_word' id='word_1_134' title='bbox 1260 1966 1364 2026; x_wconf 59' lang='lat' dir='ltr'>metum</span> 
     </span>
     <span class='ocr_line' id='line_1_17' title="bbox 193 2032 1362 2105; baseline 0.001 -18"><span class='ocrx_word' id='word_1_135' title='bbox 193 2035 256 2088; x_wconf 87' lang='lat' dir='ltr'>darn</span> <span class='ocrx_word' id='word_1_136' title='bbox 274 2037 398 2102; x_wconf 85' lang='lat' dir='ltr'>oxymori</span> <span class='ocrx_word' id='word_1_137' title='bbox 413 2032 641 2102; x_wconf 84' lang='lat' dir='ltr'>apeciemhabet.</span> <span class='ocrx_word' id='word_1_138' title='bbox 660 2053 755 2104; x_wconf 82' lang='lat' dir='ltr'>quam-</span> <span class='ocrx_word' id='word_1_139' title='bbox 797 2043 827 2088; x_wconf 81' lang='lat' dir='ltr'>et</span> <span class='ocrx_word' id='word_1_140' title='bbox 851 2035 925 2088; x_wconf 90' lang='lat' dir='ltr'>enim</span> <span class='ocrx_word' id='word_1_141' title='bbox 950 2036 1026 2090; x_wconf 86' lang='lat' dir='ltr'>velet</span> <span class='ocrx_word' id='word_1_142' title='bbox 1050 2041 1160 2105; x_wconf 80' lang='lat' dir='ltr'>etpote;</span> <span class='ocrx_word' id='word_1_143' title='bbox 1187 2035 1222 2090; x_wconf 88' lang='lat' dir='ltr'>cf.</span> <span class='ocrx_word' id='word_1_144' title='bbox 1249 2034 1322 2091; x_wconf 89' lang='lat' dir='ltr'>Hist.</span> <span class='ocrx_word' id='word_1_145' title='bbox 1340 2035 1362 2102; x_wconf 92' lang='lat' dir='ltr'>l,</span> 
     </span>
     <span class='ocr_line' id='line_1_18' title="bbox 192 2109 1365 2182; baseline 0 -18"><span class='ocrx_word' id='word_1_146' title='bbox 192 2127 275 2182; x_wconf 82' lang='lat' dir='ltr'>quum</span> <span class='ocrx_word' id='word_1_147' title='bbox 293 2127 328 2164; x_wconf 88' lang='lat' dir='ltr'>eo</span> <span class='ocrx_word' id='word_1_148' title='bbox 346 2109 510 2179; x_wconf 82' lang='lat' dir='ltr'>mitigatam,</span> <span class='ocrx_word' id='word_1_149' title='bbox 529 2113 606 2180; x_wconf 86' lang='lat' dir='ltr'>quod</span> <span class='ocrx_word' id='word_1_150' title='bbox 623 2111 755 2166; x_wconf 74' lang='lat' dir='ltr'>claudere</span> <span class='ocrx_word' id='word_1_151' title='bbox 799 2118 847 2178; x_wconf 85' lang='grc'>63,</span> <span class='ocrx_word' id='word_1_152' title='bbox 874 2118 896 2168; x_wconf 91' lang='grc'>1.</span> <span class='ocrx_word' id='word_1_153' title='bbox 941 2115 981 2166; x_wconf 87' lang='lat' dir='ltr'>Et</span> <span class='ocrx_word' id='word_1_154' title='bbox 1012 2113 1142 2166; x_wconf 70' lang='lat' dir='ltr'>Treviros</span> <span class='ocrx_word' id='word_1_155' title='bbox 1173 2112 1299 2182; x_wconf 77' lang='lat' dir='ltr'>quidem,</span> <span class='ocrx_word' id='word_1_156' title='bbox 1329 2119 1365 2164; x_wconf 83' lang='lat' dir='ltr'>nt</span> 
     </span>
     <span class='ocr_line' id='line_1_19' title="bbox 192 2186 1162 2260; baseline 0.005 -20"><span class='ocrx_word' id='word_1_157' title='bbox 192 2188 221 2242; x_wconf 91' lang='lat' dir='ltr'>in</span> <span class='ocrx_word' id='word_1_158' title='bbox 245 2189 300 2242; x_wconf 90' lang='lat' dir='ltr'>hoo</span> <span class='ocrx_word' id='word_1_159' title='bbox 324 2205 398 2242; x_wconf 85' lang='lat' dir='ltr'>nexu</span> <span class='ocrx_word' id='word_1_160' title='bbox 423 2186 542 2260; x_wconf 80' lang='lat' dir='ltr'>positum</span> <span class='ocrx_word' id='word_1_161' title='bbox 565 2197 607 2242; x_wconf 86' lang='lat' dir='ltr'>eat</span> <span class='ocrx_word' id='word_1_162' title='bbox 632 2205 683 2259; x_wconf 88' lang='lat' dir='ltr'>pro</span> <span class='ocrx_word' id='word_1_163' title='bbox 701 2191 755 2243; x_wconf 81' lang='lat' dir='ltr'>eri·</span> <span class='ocrx_word' id='word_1_164' title='bbox 798 2191 930 2251; x_wconf 76' lang='lat' dir='ltr'>coeloe,</span> <span class='ocrx_word' id='word_1_165' title='bbox 948 2190 1042 2243; x_wconf 75' lang='lat' dir='ltr'>recturi</span> <span class='ocrx_word' id='word_1_166' title='bbox 1057 2190 1162 2245; x_wconf 82' lang='lat' dir='ltr'>adiere.</span> 
     </span>
    </p>

    <p class='ocr_par' dir='ltr' id='par_1_6' title="bbox 112 2260 1251 2338">
     <span class='ocr_line' id='line_1_20' title="bbox 112 2260 1251 2338; baseline 0.004 -20"><span class='ocrx_word' id='word_1_167' title='bbox 112 2260 116 2264; x_wconf 73' lang='grc'><strong>’</strong></span> <span class='ocrx_word' id='word_1_168' title='bbox 186 2281 257 2338; x_wconf 80' lang='lat' dir='ltr'>pere</span> <span class='ocrx_word' id='word_1_169' title='bbox 286 2264 332 2318; x_wconf 85' lang='lat' dir='ltr'>vel</span> <span class='ocrx_word' id='word_1_170' title='bbox 362 2265 535 2336; x_wconf 80' lang='lat' dir='ltr'>intercipere.</span> <span class='ocrx_word' id='word_1_171' title='bbox 584 2265 688 2336; x_wconf 80' lang='lat' dir='ltr'>Aliquo</span> <span class='ocrx_word' id='word_1_172' title='bbox 719 2285 756 2322; x_wconf 86' lang='lat' dir='ltr'>ex</span> <span class='ocrx_word' id='word_1_173' title='bbox 833 2267 1017 2336; x_wconf 82' lang='lat' dir='ltr'>addiderunt]</span> <span class='ocrx_word' id='word_1_174' title='bbox 1037 2285 1063 2322; x_wconf 85' lang='lat' dir='ltr'>v.</span> <span class='ocrx_word' id='word_1_175' title='bbox 1083 2269 1119 2320; x_wconf 87' lang='lat' dir='ltr'>ud</span> <span class='ocrx_word' id='word_1_176' title='bbox 1138 2283 1162 2322; x_wconf 90' lang='lat' dir='ltr'>c.</span> <span class='ocrx_word' id='word_1_177' title='bbox 1180 2273 1208 2330; x_wconf 90' lang='grc'>5,</span> <span class='ocrx_word' id='word_1_178' title='bbox 1227 2271 1251 2322; x_wconf 87' lang='grc'>4.</span> 
     </span>
    </p>

    <p class='ocr_par' dir='ltr' id='par_1_7' title="bbox 189 2339 1364 2647">
     <span class='ocr_line' id='line_1_21' title="bbox 190 2339 1364 2414; baseline 0 -17"><span class='ocrx_word' id='word_1_179' title='bbox 190 2350 270 2413; x_wconf 87' lang='lat' dir='ltr'>parte</span> <span class='ocrx_word' id='word_1_180' title='bbox 295 2339 385 2397; x_wconf 88' lang='lat' dir='ltr'>aimile</span> <span class='ocrx_word' id='word_1_181' title='bbox 410 2351 466 2406; x_wconf 85' lang='lat' dir='ltr'>eat,</span> <span class='ocrx_word' id='word_1_182' title='bbox 495 2345 571 2413; x_wconf 88' lang='lat' dir='ltr'>quod</span> <span class='ocrx_word' id='word_1_183' title='bbox 590 2347 624 2399; x_wconf 90' lang='lat' dir='ltr'>de</span> <span class='ocrx_word' id='word_1_184' title='bbox 641 2345 755 2414; x_wconf 84' lang='lat' dir='ltr'>Lugdu·</span> <span class='ocrx_word' id='word_1_185' title='bbox 832 2344 1112 2414; x_wconf 76' lang='lat' dir='ltr'>repredleedumqne]</span> <span class='ocrx_word' id='word_1_186' title='bbox 1138 2344 1219 2409; x_wconf 82' lang='lat' dir='ltr'>Quae</span> <span class='ocrx_word' id='word_1_187' title='bbox 1244 2361 1294 2414; x_wconf 92' lang='lat' dir='ltr'>per</span> <span class='ocrx_word' id='word_1_188' title='bbox 1313 2361 1364 2414; x_wconf 79' lang='lat' dir='ltr'>qne</span> 
     </span>
     <span class='ocr_line' id='line_1_22' title="bbox 190 2418 1364 2492; baseline -0.001 -17"><span class='ocrx_word' id='word_1_189' title='bbox 190 2418 324 2475; x_wconf 76' lang='lat' dir='ltr'>uentibus</span> <span class='ocrx_word' id='word_1_190' title='bbox 356 2427 385 2474; x_wconf 91' lang='lat' dir='ltr'>et</span> <span class='ocrx_word' id='word_1_191' title='bbox 412 2419 615 2476; x_wconf 82' lang='lat' dir='ltr'>Viennensibus</span> <span class='ocrx_word' id='word_1_192' title='bbox 651 2422 755 2492; x_wconf 79' lang='lat' dir='ltr'>legitur</span> <span class='ocrx_word' id='word_1_193' title='bbox 799 2421 955 2476; x_wconf 75' lang='lat' dir='ltr'>annectitur</span> <span class='ocrx_word' id='word_1_194' title='bbox 994 2421 1149 2491; x_wconf 79' lang='lat' dir='ltr'>sententia,</span> <span class='ocrx_word' id='word_1_195' title='bbox 1192 2419 1364 2476; x_wconf 82' lang='lat' dir='ltr'>consectaria</span> 
     </span>
     <span class='ocr_line' id='line_1_23' title="bbox 189 2496 1364 2570; baseline -0.002 -16"><span class='ocrx_word' id='word_1_196' title='bbox 189 2496 308 2563; x_wconf 78' lang='lat' dir='ltr'>Hiat.1‚</span> <span class='ocrx_word' id='word_1_197' title='bbox 328 2502 413 2560; x_wconf 89' lang='grc'>65,1.</span> <span class='ocrx_word' id='word_1_198' title='bbox 445 2499 504 2552; x_wconf 84' lang='lat' dir='ltr'>Uno</span> <span class='ocrx_word' id='word_1_199' title='bbox 522 2516 603 2553; x_wconf 78' lang='lat' dir='ltr'>omne</span> <span class='ocrx_word' id='word_1_200' title='bbox 620 2502 756 2554; x_wconf 80' lang='lat' dir='ltr'>direre-</span> <span class='ocrx_word' id='word_1_201' title='bbox 800 2507 856 2564; x_wconf 85' lang='lat' dir='ltr'>est,</span> <span class='ocrx_word' id='word_1_202' title='bbox 899 2517 931 2553; x_wconf 86' lang='lat' dir='ltr'>no</span> <span class='ocrx_word' id='word_1_203' title='bbox 965 2501 1061 2570; x_wconf 88' lang='lat' dir='ltr'>prodit</span> <span class='ocrx_word' id='word_1_204' title='bbox 1098 2517 1134 2554; x_wconf 88' lang='lat' dir='ltr'>ex</span> <span class='ocrx_word' id='word_1_205' title='bbox 1173 2498 1364 2553; x_wconf 87' lang='lat' dir='ltr'>antecedenti-</span> 
     </span>
     <span class='ocr_line' id='line_1_24' title="bbox 191 2575 1363 2647; baseline -0.001 -16"><span class='ocrx_word' id='word_1_206' title='bbox 191 2577 240 2631; x_wconf 76' lang='lat' dir='ltr'>tr&#39;r</span> <span class='ocrx_word' id='word_1_207' title='bbox 262 2593 450 2632; x_wconf 75' lang='lat' dir='ltr'>corneorum</span> <span class='ocrx_word' id='word_1_208' title='bbox 473 2575 577 2630; x_wconf 80' lang='lat' dir='ltr'>odium.</span> <span class='ocrx_word' id='word_1_209' title='bbox 798 2579 865 2642; x_wconf 81' lang='lat' dir='ltr'>bus,</span> <span class='ocrx_word' id='word_1_210' title='bbox 885 2576 913 2630; x_wconf 92' lang='lat' dir='ltr'>in</span> <span class='ocrx_word' id='word_1_211' title='bbox 933 2594 988 2647; x_wconf 90' lang='lat' dir='ltr'>quo</span> <span class='ocrx_word' id='word_1_212' title='bbox 1008 2595 1082 2632; x_wconf 86' lang='lat' dir='ltr'>nexu</span> <span class='ocrx_word' id='word_1_213' title='bbox 1100 2594 1152 2646; x_wconf 74' lang='lat' dir='ltr'>que</span> <span class='ocrx_word' id='word_1_214' title='bbox 1169 2577 1245 2632; x_wconf 85' lang='lat' dir='ltr'>valet</span> <span class='ocrx_word' id='word_1_215' title='bbox 1262 2593 1363 2646; x_wconf 58' lang='lat' dir='ltr'>eoque·</span> 
     </span>
    </p>

    <p class='ocr_par' dir='ltr' id='par_1_8' title="bbox 188 2652 1362 2804">
     <span class='ocr_line' id='line_1_25' title="bbox 225 2652 1362 2724; baseline -0.005 -12"><span class='ocrx_word' id='word_1_216' title='bbox 225 2661 251 2712; x_wconf 81' lang='lat'>4.</span> <span class='ocrx_word' id='word_1_217' title='bbox 275 2655 317 2708; x_wconf 83' lang='lat' dir='ltr'>col</span> <span class='ocrx_word' id='word_1_218' title='bbox 338 2652 448 2722; x_wconf 71' lang='lat' dir='ltr'>marm]</span> <span class='ocrx_word' id='word_1_219' title='bbox 477 2652 495 2708; x_wconf 91' lang='lat' dir='ltr'>i.</span> <span class='ocrx_word' id='word_1_220' title='bbox 515 2670 539 2709; x_wconf 88' lang='lat' dir='ltr'>e.</span> <span class='ocrx_word' id='word_1_221' title='bbox 559 2656 601 2708; x_wconf 84' lang='lat' dir='ltr'>ad</span> <span class='ocrx_word' id='word_1_222' title='bbox 618 2655 691 2724; x_wconf 84' lang='lat' dir='ltr'>oim;</span> <span class='ocrx_word' id='word_1_223' title='bbox 720 2657 755 2712; x_wconf 80' lang='lat' dir='ltr'>cf.</span> <span class='ocrx_word' id='word_1_224' title='bbox 800 2655 834 2709; x_wconf 86' lang='lat' dir='ltr'>cf.</span> <span class='ocrx_word' id='word_1_225' title='bbox 855 2673 879 2710; x_wconf 92' lang='lat' dir='ltr'>c.</span> <span class='ocrx_word' id='word_1_226' title='bbox 903 2658 950 2718; x_wconf 83' lang='lat'>12.</span> <span class='ocrx_word' id='word_1_227' title='bbox 976 2661 1000 2710; x_wconf 85' lang='lat'>4.</span> <span class='ocrx_word' id='word_1_228' title='bbox 1039 2659 1084 2722; x_wconf 83' lang='grc'>18,</span> <span class='ocrx_word' id='word_1_229' title='bbox 1106 2660 1130 2709; x_wconf 90' lang='grc'>4.</span> <span class='ocrx_word' id='word_1_230' title='bbox 1153 2663 1182 2710; x_wconf 91' lang='lat' dir='ltr'>et</span> <span class='ocrx_word' id='word_1_231' title='bbox 1202 2673 1224 2708; x_wconf 86' lang='lat' dir='ltr'>v.</span> <span class='ocrx_word' id='word_1_232' title='bbox 1244 2653 1362 2708; x_wconf 83' lang='lat' dir='ltr'>edSall.</span> 
     </span>
     <span class='ocr_line' id='line_1_26' title="bbox 188 2723 1151 2804; baseline 0.001 -18"><span class='ocrx_word' id='word_1_233' title='bbox 188 2723 216 2788; x_wconf 81' lang='grc' dir='ltr'>ὀ.</span> <span class='ocrx_word' id='word_1_234' title='bbox 237 2737 283 2796; x_wconf 86' lang='lat'>33,</span> <span class='ocrx_word' id='word_1_235' title='bbox 302 2738 327 2786; x_wconf 78' lang='lat' dir='ltr'>r.</span> <span class='ocrx_word' id='word_1_236' title='bbox 797 2731 871 2786; x_wconf 75' lang='lat' dir='ltr'>rust</span> <span class='ocrx_word' id='word_1_237' title='bbox 892 2733 937 2786; x_wconf 78' lang='lat' dir='ltr'>ur.</span> <span class='ocrx_word' id='word_1_238' title='bbox 956 2733 983 2796; x_wconf 87' lang='grc' dir='ltr'>Ι,</span> <span class='ocrx_word' id='word_1_239' title='bbox 1003 2737 1042 2788; x_wconf 85' lang='lat'>11.</span> <span class='ocrx_word' id='word_1_240' title='bbox 1065 2751 1092 2804; x_wconf 83' lang='lat' dir='ltr'>p.</span> <span class='ocrx_word' id='word_1_241' title='bbox 1112 2737 1151 2788; x_wconf 87' lang='lat'>15.</span> 
     </span>
    </p>

    <p class='ocr_par' dir='ltr' id='par_1_9' title="bbox 186 2805 1362 3422">
     <span class='ocr_line' id='line_1_27' title="bbox 224 2805 1361 2880; baseline -0.004 -16"><span class='ocrx_word' id='word_1_242' title='bbox 224 2807 268 2865; x_wconf 75' lang='lat' dir='ltr'>att</span> <span class='ocrx_word' id='word_1_243' title='bbox 282 2825 343 2862; x_wconf 82' lang='lat' dir='ltr'>mor</span> <span class='ocrx_word' id='word_1_244' title='bbox 360 2815 400 2861; x_wconf 83' lang='lat' dir='ltr'>eet</span> <span class='ocrx_word' id='word_1_245' title='bbox 419 2809 485 2876; x_wconf 79' lang='lat' dir='ltr'>eto]</span> <span class='ocrx_word' id='word_1_246' title='bbox 515 2806 535 2862; x_wconf 89' lang='lat' dir='ltr'>i.</span> <span class='ocrx_word' id='word_1_247' title='bbox 554 2824 578 2862; x_wconf 90' lang='lat' dir='ltr'>e.</span> <span class='ocrx_word' id='word_1_248' title='bbox 599 2809 677 2877; x_wconf 88' lang='lat' dir='ltr'>quod</span> <span class='ocrx_word' id='word_1_249' title='bbox 696 2807 757 2863; x_wconf 80' lang='lat' dir='ltr'>fieri</span> <span class='ocrx_word' id='word_1_250' title='bbox 832 2827 916 2880; x_wconf 79' lang='lat' dir='ltr'>qaum</span> <span class='ocrx_word' id='word_1_251' title='bbox 939 2809 1121 2880; x_wconf 79' lang='lat' dir='ltr'>pellerentur]</span> <span class='ocrx_word' id='word_1_252' title='bbox 1162 2805 1361 2862; x_wconf 78' lang='lat' dir='ltr'>Coniunctivua</span> 
     </span>
     <span class='ocr_line' id='line_1_28' title="bbox 191 2884 1361 2959; baseline -0.005 -17"><span class='ocrx_word' id='word_1_253' title='bbox 191 2885 264 2942; x_wconf 81' lang='lat' dir='ltr'>solet</span> <span class='ocrx_word' id='word_1_254' title='bbox 280 2885 309 2940; x_wconf 88' lang='lat' dir='ltr'>iu</span> <span class='ocrx_word' id='word_1_255' title='bbox 327 2887 411 2940; x_wconf 84' lang='lat' dir='ltr'>rebua</span> <span class='ocrx_word' id='word_1_256' title='bbox 430 2884 544 2950; x_wconf 78' lang='lat' dir='ltr'>ignotis,</span> <span class='ocrx_word' id='word_1_257' title='bbox 566 2892 597 2938; x_wconf 80' lang='lat' dir='ltr'>ut</span> <span class='ocrx_word' id='word_1_258' title='bbox 613 2887 703 2952; x_wconf 82' lang='lat' dir='ltr'>famo</span> <span class='ocrx_word' id='word_1_259' title='bbox 719 2886 757 2938; x_wconf 76' lang='lat' dir='ltr'>rit</span> <span class='ocrx_word' id='word_1_260' title='bbox 798 2887 958 2959; x_wconf 82' lang='lat' dir='ltr'>potentialis</span> <span class='ocrx_word' id='word_1_261' title='bbox 982 2893 1031 2942; x_wconf 84' lang='lat' dir='ltr'>est.</span> <span class='ocrx_word' id='word_1_262' title='bbox 1068 2886 1137 2939; x_wconf 88' lang='lat' dir='ltr'>Nam</span> <span class='ocrx_word' id='word_1_263' title='bbox 1159 2893 1189 2938; x_wconf 93' lang='lat' dir='ltr'>ut</span> <span class='ocrx_word' id='word_1_264' title='bbox 1207 2897 1283 2938; x_wconf 85' lang='lat' dir='ltr'>rectu</span> <span class='ocrx_word' id='word_1_265' title='bbox 1301 2899 1361 2936; x_wconf 83' lang='lat' dir='ltr'>ore·</span> 
     </span>
     <span class='ocr_line' id='line_1_29' title="bbox 189 2961 1360 3032; baseline -0.005 -13"><span class='ocrx_word' id='word_1_266' title='bbox 189 2981 254 3019; x_wconf 79' lang='lat' dir='ltr'>vero</span> <span class='ocrx_word' id='word_1_267' title='bbox 280 2964 379 3016; x_wconf 82' lang='lat' dir='ltr'>maior.</span> <span class='ocrx_word' id='word_1_268' title='bbox 421 2961 549 3014; x_wconf 88' lang='lat' dir='ltr'>Pertinet</span> <span class='ocrx_word' id='word_1_269' title='bbox 577 2972 668 3017; x_wconf 89' lang='lat' dir='ltr'>autem</span> <span class='ocrx_word' id='word_1_270' title='bbox 695 2981 754 3016; x_wconf 86' lang='lat' dir='ltr'>ma·</span> <span class='ocrx_word' id='word_1_271' title='bbox 797 2963 873 3019; x_wconf 86' lang='lat' dir='ltr'>tione</span> <span class='ocrx_word' id='word_1_272' title='bbox 906 2963 1007 3018; x_wconf 84' lang='lat' dir='ltr'>dieitur</span> <span class='ocrx_word' id='word_1_273' title='bbox 1035 2963 1227 3030; x_wconf 66' lang='lat' dir='ltr'>recredientur</span> <span class='ocrx_word' id='word_1_274' title='bbox 1256 2961 1360 3032; x_wconf 79' lang='lat' dir='ltr'>potirer,</span> 
     </span>
     <span class='ocr_line' id='line_1_30' title="bbox 193 3036 1361 3112; baseline -0.005 -16"><span class='ocrx_word' id='word_1_275' title='bbox 193 3041 254 3096; x_wconf 78' lang='lat' dir='ltr'>lore</span> <span class='ocrx_word' id='word_1_276' title='bbox 276 3041 366 3107; x_wconf 80' lang='lat' dir='ltr'>faura</span> <span class='ocrx_word' id='word_1_277' title='bbox 393 3038 500 3111; x_wconf 87' lang='lat' dir='ltr'>pariter</span> <span class='ocrx_word' id='word_1_278' title='bbox 525 3047 556 3091; x_wconf 92' lang='lat' dir='ltr'>ut</span> <span class='ocrx_word' id='word_1_279' title='bbox 582 3057 682 3112; x_wconf 70' lang='lat' dir='ltr'>eruptio</span> <span class='ocrx_word' id='word_1_280' title='bbox 699 3058 755 3110; x_wconf 82' lang='lat' dir='ltr'>pc-</span> <span class='ocrx_word' id='word_1_281' title='bbox 797 3059 881 3112; x_wconf 72' lang='lat' dir='ltr'>qnam</span> <span class='ocrx_word' id='word_1_282' title='bbox 902 3040 1111 3112; x_wconf 78' lang='lat' dir='ltr'>pellantur,</span> <span class='ocrx_word' id='word_1_283' title='bbox 1141 3057 1197 3109; x_wconf 93' lang='lat' dir='ltr'>quo</span> <span class='ocrx_word' id='word_1_284' title='bbox 1224 3036 1361 3108; x_wconf 81' lang='lat' dir='ltr'>significa·</span> 
     </span>
     <span class='ocr_line' id='line_1_31' title="bbox 190 3113 1361 3188; baseline -0.004 -16"><span class='ocrx_word' id='word_1_285' title='bbox 190 3119 309 3172; x_wconf 80' lang='lat' dir='ltr'>rotund</span> <span class='ocrx_word' id='word_1_286' title='bbox 327 3117 465 3181; x_wconf 80' lang='lat' dir='ltr'>converri,</span> <span class='ocrx_word' id='word_1_287' title='bbox 493 3118 527 3170; x_wconf 94' lang='lat' dir='ltr'>de</span> <span class='ocrx_word' id='word_1_288' title='bbox 548 3133 603 3186; x_wconf 91' lang='lat' dir='ltr'>quo</span> <span class='ocrx_word' id='word_1_289' title='bbox 621 3119 754 3188; x_wconf 85' lang='lat' dir='ltr'>aryndeto</span> <span class='ocrx_word' id='word_1_290' title='bbox 798 3129 843 3173; x_wconf 91' lang='lat' dir='ltr'>tur</span> <span class='ocrx_word' id='word_1_291' title='bbox 868 3118 1046 3188; x_wconf 86' lang='lat' dir='ltr'>regrediendi</span> <span class='ocrx_word' id='word_1_292' title='bbox 1067 3116 1206 3171; x_wconf 87' lang='lat' dir='ltr'>actionem</span> <span class='ocrx_word' id='word_1_293' title='bbox 1231 3113 1361 3185; x_wconf 83' lang='lat' dir='ltr'>suspendi</span> 
     </span>
     <span class='ocr_line' id='line_1_32' title="bbox 190 3192 1362 3264; baseline -0.001 -17"><span class='ocrx_word' id='word_1_294' title='bbox 190 3213 216 3250; x_wconf 87' lang='lat' dir='ltr'>v.</span> <span class='ocrx_word' id='word_1_295' title='bbox 240 3196 277 3249; x_wconf 73' lang='lat' dir='ltr'>ed</span> <span class='ocrx_word' id='word_1_296' title='bbox 302 3211 326 3248; x_wconf 86' lang='lat' dir='ltr'>o.</span> <span class='ocrx_word' id='word_1_297' title='bbox 352 3201 400 3259; x_wconf 91' lang='grc'>15,</span> <span class='ocrx_word' id='word_1_298' title='bbox 422 3201 446 3252; x_wconf 83' lang='grc'>2.</span> <span class='ocrx_word' id='word_1_299' title='bbox 485 3196 592 3250; x_wconf 78' lang='lat' dir='ltr'>Eadem</span> <span class='ocrx_word' id='word_1_300' title='bbox 615 3197 755 3250; x_wconf 77' lang='lat' dir='ltr'>cententio</span> <span class='ocrx_word' id='word_1_301' title='bbox 798 3214 833 3250; x_wconf 87' lang='lat' dir='ltr'>ex</span> <span class='ocrx_word' id='word_1_302' title='bbox 864 3203 956 3251; x_wconf 89' lang='lat' dir='ltr'>mente</span> <span class='ocrx_word' id='word_1_303' title='bbox 984 3203 1012 3250; x_wconf 88' lang='lat' dir='ltr'>et</span> <span class='ocrx_word' id='word_1_304' title='bbox 1038 3193 1141 3248; x_wconf 89' lang='lat' dir='ltr'>iudicio</span> <span class='ocrx_word' id='word_1_305' title='bbox 1169 3192 1236 3264; x_wconf 89' lang='lat' dir='ltr'>pelli</span> <span class='ocrx_word' id='word_1_306' title='bbox 1266 3192 1362 3247; x_wconf 90' lang='lat' dir='ltr'>uoleu·</span> 
     </span>
     <span class='ocr_line' id='line_1_33' title="bbox 190 3269 1361 3342; baseline -0.004 -14"><span class='ocrx_word' id='word_1_307' title='bbox 190 3271 310 3328; x_wconf 84' lang='lat' dir='ltr'>recurrit</span> <span class='ocrx_word' id='word_1_308' title='bbox 335 3289 358 3327; x_wconf 90' lang='lat' dir='ltr'>o.</span> <span class='ocrx_word' id='word_1_309' title='bbox 385 3277 432 3338; x_wconf 84' lang='lat'>30,</span> <span class='ocrx_word' id='word_1_310' title='bbox 459 3278 483 3328; x_wconf 84' lang='lat'>4.</span> <span class='ocrx_word' id='word_1_311' title='bbox 520 3274 606 3328; x_wconf 80' lang='lat' dir='ltr'>Omne</span> <span class='ocrx_word' id='word_1_312' title='bbox 632 3275 754 3342; x_wconf 74' lang='lat' dir='ltr'>ipnotnm</span> <span class='ocrx_word' id='word_1_313' title='bbox 798 3273 880 3337; x_wconf 82' lang='lat' dir='ltr'>tium,</span> <span class='ocrx_word' id='word_1_314' title='bbox 907 3272 946 3326; x_wconf 86' lang='lat' dir='ltr'>ite</span> <span class='ocrx_word' id='word_1_315' title='bbox 971 3275 1070 3327; x_wconf 88' lang='lat' dir='ltr'>eadem</span> <span class='ocrx_word' id='word_1_316' title='bbox 1096 3271 1167 3326; x_wconf 84' lang='lat' dir='ltr'>r&#39;utio</span> <span class='ocrx_word' id='word_1_317' title='bbox 1192 3270 1220 3324; x_wconf 91' lang='lat' dir='ltr'>in</span> <span class='ocrx_word' id='word_1_318' title='bbox 1246 3269 1361 3340; x_wconf 89' lang='lat' dir='ltr'>obliqua</span> 
     </span>
     <span class='ocr_line' id='line_1_34' title="bbox 186 3348 1359 3422; baseline -0.003 -17"><span class='ocrx_word' id='word_1_319' title='bbox 186 3369 243 3422; x_wconf 82' lang='lat' dir='ltr'>pro</span> <span class='ocrx_word' id='word_1_320' title='bbox 261 3351 407 3420; x_wconf 72' lang='lat' dir='ltr'>mapnrfico</span> <span class='ocrx_word' id='word_1_321' title='bbox 427 3357 473 3404; x_wconf 84' lang='lat' dir='ltr'>ert.</span> <span class='ocrx_word' id='word_1_322' title='bbox 798 3351 924 3405; x_wconf 84' lang='lat' dir='ltr'>oratione</span> <span class='ocrx_word' id='word_1_323' title='bbox 956 3350 1071 3405; x_wconf 87' lang='lat' dir='ltr'>obtinet.</span> <span class='ocrx_word' id='word_1_324' title='bbox 1117 3348 1275 3404; x_wconf 73' lang='lat' dir='ltr'>Vemuoult</span> <span class='ocrx_word' id='word_1_325' title='bbox 1304 3357 1359 3404; x_wconf 83' lang='lat' dir='ltr'>eet:</span> 
     </span>
    </p>

    <p class='ocr_par' dir='ltr' id='par_1_10' title="bbox 190 3425 1361 3572">
     <span class='ocr_line' id='line_1_35' title="bbox 224 3425 1359 3500; baseline -0.002 -18"><span class='ocrx_word' id='word_1_326' title='bbox 224 3430 398 3498; x_wconf 70' lang='lat' dir='ltr'>opmcpacre]</span> <span class='ocrx_word' id='word_1_327' title='bbox 412 3426 552 3483; x_wconf 80' lang='lat' dir='ltr'>Vut.1&#39;.A.</span> <span class='ocrx_word' id='word_1_328' title='bbox 565 3445 754 3500; x_wconf 73' lang='lat' dir='ltr'>oppupnarae5</span> <span class='ocrx_word' id='word_1_329' title='bbox 798 3429 846 3482; x_wconf 82' lang='lat' dir='ltr'>ele</span> <span class='ocrx_word' id='word_1_330' title='bbox 869 3429 910 3482; x_wconf 82' lang='lat' dir='ltr'>uie</span> <span class='ocrx_word' id='word_1_331' title='bbox 933 3428 993 3480; x_wconf 78' lang='lat' dir='ltr'>aiod</span> <span class='ocrx_word' id='word_1_332' title='bbox 1017 3428 1225 3494; x_wconf 73' lang='lat' dir='ltr'>acrtelmerfen</span> <span class='ocrx_word' id='word_1_333' title='bbox 1252 3425 1359 3480; x_wconf 70' lang='lat' dir='ltr'>lieren.</span> 
     </span>
     <span class='ocr_line' id='line_1_36' title="bbox 190 3504 1361 3572; baseline -0.004 -11"><span class='ocrx_word' id='word_1_334' title='bbox 190 3505 314 3563; x_wconf 86' lang='lat' dir='ltr'>correxit</span> <span class='ocrx_word' id='word_1_335' title='bbox 330 3506 492 3560; x_wconf 78' lang='lat' dir='ltr'>Rhenanus.</span> <span class='ocrx_word' id='word_1_336' title='bbox 799 3506 835 3560; x_wconf 86' lang='lat' dir='ltr'>cf.</span> <span class='ocrx_word' id='word_1_337' title='bbox 848 3507 919 3559; x_wconf 81' lang='lat' dir='ltr'>Anu.</span> <span class='ocrx_word' id='word_1_338' title='bbox 931 3506 954 3569; x_wconf 89' lang='grc' dir='ltr'>Ι,</span> <span class='ocrx_word' id='word_1_339' title='bbox 969 3510 1011 3572; x_wconf 88' lang='grc'>35,</span> <span class='ocrx_word' id='word_1_340' title='bbox 1025 3510 1048 3562; x_wconf 85' lang='grc'>3.</span> <span class='ocrx_word' id='word_1_341' title='bbox 1073 3506 1114 3558; x_wconf 88' lang='lat' dir='ltr'>At</span> <span class='ocrx_word' id='word_1_342' title='bbox 1129 3504 1180 3558; x_wconf 84' lang='lat' dir='ltr'>ille</span> <span class='ocrx_word' id='word_1_343' title='bbox 1199 3504 1361 3557; x_wconf 78' lang='lat' dir='ltr'>moriturum</span> 
     </span>
    </p>

    <p class='ocr_par' dir='ltr' id='par_1_11' title="bbox 189 3580 1362 3884">
     <span class='ocr_line' id='line_1_37' title="bbox 222 3580 1361 3655; baseline -0.004 -17"><span class='ocrx_word' id='word_1_344' title='bbox 222 3583 329 3650; x_wconf 73' lang='lat' dir='ltr'>oderit]</span> <span class='ocrx_word' id='word_1_345' title='bbox 358 3583 482 3636; x_wconf 78' lang='lat' dir='ltr'>Adort&#39;re&#39;</span> <span class='ocrx_word' id='word_1_346' title='bbox 509 3599 533 3638; x_wconf 85' lang='lat' dir='ltr'>o.</span> <span class='ocrx_word' id='word_1_347' title='bbox 560 3583 634 3638; x_wconf 87' lang='lat' dir='ltr'>infin.</span> <span class='ocrx_word' id='word_1_348' title='bbox 662 3600 755 3655; x_wconf 79' lang='lat' dir='ltr'>preca</span> <span class='ocrx_word' id='word_1_349' title='bbox 793 3583 902 3653; x_wconf 80' lang='lat' dir='ltr'>potiere,</span> <span class='ocrx_word' id='word_1_350' title='bbox 921 3600 1004 3654; x_wconf 77' lang='lat' dir='ltr'>quam</span> <span class='ocrx_word' id='word_1_351' title='bbox 1017 3585 1106 3652; x_wconf 81' lang='lat' dir='ltr'>fidem</span> <span class='ocrx_word' id='word_1_352' title='bbox 1124 3590 1280 3648; x_wconf 72' lang='lat' dir='ltr'>cerneret,</span> <span class='ocrx_word' id='word_1_353' title='bbox 1303 3580 1361 3634; x_wconf 85' lang='lat' dir='ltr'>ola·</span> 
     </span>
     <span class='ocr_line' id='line_1_38' title="bbox 189 3657 1362 3730; baseline -0.003 -16"><span class='ocrx_word' id='word_1_354' title='bbox 189 3662 224 3714; x_wconf 89' lang='lat' dir='ltr'>de</span> <span class='ocrx_word' id='word_1_355' title='bbox 249 3669 351 3715; x_wconf 80' lang='lat' dir='ltr'>conatu</span> <span class='ocrx_word' id='word_1_356' title='bbox 374 3659 416 3714; x_wconf 90' lang='lat' dir='ltr'>rei</span> <span class='ocrx_word' id='word_1_357' title='bbox 441 3659 628 3728; x_wconf 77' lang='lat' dir='ltr'>perficiendae</span> <span class='ocrx_word' id='word_1_358' title='bbox 650 3661 755 3730; x_wconf 73' lang='lat' dir='ltr'>saepia·</span> <span class='ocrx_word' id='word_1_359' title='bbox 797 3661 908 3714; x_wconf 77' lang='lat' dir='ltr'>milano.</span> <span class='ocrx_word' id='word_1_360' title='bbox 942 3660 1010 3714; x_wconf 77' lang='lat' dir='ltr'>Sall.</span> <span class='ocrx_word' id='word_1_361' title='bbox 1035 3660 1096 3730; x_wconf 83' lang='lat' dir='ltr'>Ing.</span> <span class='ocrx_word' id='word_1_362' title='bbox 1119 3666 1184 3724; x_wconf 79' lang='lat'>106,</span> <span class='ocrx_word' id='word_1_363' title='bbox 1211 3664 1235 3714; x_wconf 85' lang='lat'>3.</span> <span class='ocrx_word' id='word_1_364' title='bbox 1269 3657 1362 3712; x_wconf 81' lang='lat' dir='ltr'>Mori·</span> 
     </span>
     <span class='ocr_line' id='line_1_39' title="bbox 189 3735 1360 3808; baseline -0.004 -16"><span class='ocrx_word' id='word_1_365' title='bbox 189 3736 258 3792; x_wconf 87' lang='lat' dir='ltr'>aime</span> <span class='ocrx_word' id='word_1_366' title='bbox 281 3735 337 3790; x_wconf 89' lang='lat' dir='ltr'>dioi</span> <span class='ocrx_word' id='word_1_367' title='bbox 355 3735 449 3790; x_wconf 90' lang='lat' dir='ltr'>multia</span> <span class='ocrx_word' id='word_1_368' title='bbox 468 3737 603 3808; x_wconf 83' lang='lat' dir='ltr'>exemplis</span> <span class='ocrx_word' id='word_1_369' title='bbox 624 3738 755 3807; x_wconf 82' lang='lat' dir='ltr'>probavit</span> <span class='ocrx_word' id='word_1_370' title='bbox 797 3745 888 3790; x_wconf 74' lang='lat' dir='ltr'>nuum</span> <span class='ocrx_word' id='word_1_371' title='bbox 901 3737 1013 3806; x_wconf 68' lang='lat' dir='ltr'>politia,</span> <span class='ocrx_word' id='word_1_372' title='bbox 1040 3753 1124 3806; x_wconf 74' lang='lat' dir='ltr'>quam</span> <span class='ocrx_word' id='word_1_373' title='bbox 1139 3767 1174 3776; x_wconf 92' lang='lat'><em>-</em></span> <span class='ocrx_word' id='word_1_374' title='bbox 1193 3736 1270 3805; x_wconf 72' lang='lat' dir='ltr'>turpi</span> <span class='ocrx_word' id='word_1_375' title='bbox 1282 3737 1360 3802; x_wconf 73' lang='lat' dir='ltr'>supa</span> 
     </span>
     <span class='ocr_line' id='line_1_40' title="bbox 189 3814 1361 3884; baseline 0 -18"><span class='ocrx_word' id='word_1_376' title='bbox 189 3814 312 3870; x_wconf 88' lang='lat' dir='ltr'>Wexiua.</span> <span class='ocrx_word' id='word_1_377' title='bbox 797 3843 831 3854; x_wconf 88' lang='lat'>--</span> <span class='ocrx_word' id='word_1_378' title='bbox 855 3815 929 3868; x_wconf 78' lang='lat' dir='ltr'>citae</span> <span class='ocrx_word' id='word_1_379' title='bbox 947 3822 1133 3884; x_wconf 50' lang='lat' dir='ltr'>parcerem·</span> <span class='ocrx_word' id='word_1_380' title='bbox 1163 3814 1210 3868; x_wconf 87' lang='lat' dir='ltr'>ubi</span> <span class='ocrx_word' id='word_1_381' title='bbox 1227 3832 1252 3868; x_wconf 86' lang='lat' dir='ltr'>v.</span> <span class='ocrx_word' id='word_1_382' title='bbox 1276 3829 1361 3866; x_wconf 84' lang='lat' dir='ltr'>anno·</span> 
     </span>
    </p>

    <p class='ocr_par' dir='ltr' id='par_1_12' title="bbox 184 3890 1364 4430">
     <span class='ocr_line' id='line_1_41' title="bbox 222 3890 1363 3962; baseline -0.002 -16"><span class='ocrx_word' id='word_1_383' title='bbox 222 3892 312 3962; x_wconf 76' lang='lat' dir='ltr'>ultro]</span> <span class='ocrx_word' id='word_1_384' title='bbox 346 3890 440 3948; x_wconf 86' lang='lat' dir='ltr'>Germ.</span> <span class='ocrx_word' id='word_1_385' title='bbox 469 3891 517 3945; x_wconf 77' lang='lat' dir='ltr'>die</span> <span class='ocrx_word' id='word_1_386' title='bbox 546 3891 683 3960; x_wconf 72' lang='lat' dir='ltr'>Offemrlre</span> <span class='ocrx_word' id='word_1_387' title='bbox 712 3907 754 3945; x_wconf 85' lang='lat' dir='ltr'>er·</span> <span class='ocrx_word' id='word_1_388' title='bbox 797 3899 862 3947; x_wconf 83' lang='lat' dir='ltr'>lata.</span> <span class='ocrx_word' id='word_1_389' title='bbox 899 3891 959 3946; x_wconf 80' lang='lat' dir='ltr'>Lir.</span> <span class='ocrx_word' id='word_1_390' title='bbox 984 3891 1126 3954; x_wconf 90' lang='lat' dir='ltr'>XXXIX,</span> <span class='ocrx_word' id='word_1_391' title='bbox 1155 3898 1195 3958; x_wconf 87' lang='lat'>10,</span> <span class='ocrx_word' id='word_1_392' title='bbox 1226 3897 1249 3948; x_wconf 80' lang='lat'>2.</span> <span class='ocrx_word' id='word_1_393' title='bbox 1280 3891 1363 3945; x_wconf 79' lang='lat' dir='ltr'>Mori</span> 
     </span>
     <span class='ocr_line' id='line_1_42' title="bbox 188 3968 1364 4040; baseline -0.002 -17"><span class='ocrx_word' id='word_1_394' title='bbox 188 3969 328 4040; x_wconf 63' lang='lat' dir='ltr'>preitend.</span> <span class='ocrx_word' id='word_1_395' title='bbox 796 3969 851 4023; x_wconf 79' lang='lat' dir='ltr'>ribi</span> <span class='ocrx_word' id='word_1_396' title='bbox 875 3975 901 4023; x_wconf 86' lang='lat' dir='ltr'>et</span> <span class='ocrx_word' id='word_1_397' title='bbox 928 3968 976 4022; x_wconf 77' lang='lat' dir='ltr'>illl</span> <span class='ocrx_word' id='word_1_398' title='bbox 999 3969 1087 4023; x_wconf 70' lang='lat' dir='ltr'>ratim</span> <span class='ocrx_word' id='word_1_399' title='bbox 1116 3986 1189 4035; x_wconf 79' lang='lat' dir='ltr'>eree,</span> <span class='ocrx_word' id='word_1_400' title='bbox 1218 3987 1301 4038; x_wconf 78' lang='lat' dir='ltr'>quum</span> <span class='ocrx_word' id='word_1_401' title='bbox 1330 3968 1364 4022; x_wconf 80' lang='lat' dir='ltr'>ld</span> 
     </span>
     <span class='ocr_line' id='line_1_43' title="bbox 184 4044 1361 4114; baseline -0.002 -12"><span class='ocrx_word' id='word_1_402' title='bbox 184 4097 187 4102; x_wconf 85' lang='lat'>.</span> <span class='ocrx_word' id='word_1_403' title='bbox 224 4046 379 4114; x_wconf 65' lang='lat' dir='ltr'>rostellum]</span> <span class='ocrx_word' id='word_1_404' title='bbox 395 4044 457 4101; x_wconf 76' lang='lat' dir='ltr'>Vnt.</span> <span class='ocrx_word' id='word_1_405' title='bbox 470 4052 500 4100; x_wconf 91' lang='grc' dir='ltr'>Γ.</span> <span class='ocrx_word' id='word_1_406' title='bbox 514 4045 677 4100; x_wconf 68' lang='lat' dir='ltr'>amellam.</span> <span class='ocrx_word' id='word_1_407' title='bbox 690 4045 754 4100; x_wconf 84' lang='lat' dir='ltr'>Vnt.</span> <span class='ocrx_word' id='word_1_408' title='bbox 796 4049 940 4110; x_wconf 82' lang='lat' dir='ltr'>faceret</span> <span class='ocrx_word' id='word_1_409' title='bbox 966 4047 1070 4110; x_wconf 85' lang='lat' dir='ltr'>(Germ.</span> <span class='ocrx_word' id='word_1_410' title='bbox 1096 4047 1141 4100; x_wconf 84' lang='lat' dir='ltr'>cla</span> <span class='ocrx_word' id='word_1_411' title='bbox 1163 4049 1231 4101; x_wconf 81' lang='lat' dir='ltr'>dara</span> <span class='ocrx_word' id='word_1_412' title='bbox 1249 4046 1290 4100; x_wconf 80' lang='lat' dir='ltr'>eie</span> <span class='ocrx_word' id='word_1_413' title='bbox 1307 4047 1361 4100; x_wconf 79' lang='lat' dir='ltr'>dua</span> 
     </span>
     <span class='ocr_line' id='line_1_44' title="bbox 189 4121 979 4198; baseline -0.003 -18"><span class='ocrx_word' id='word_1_414' title='bbox 189 4129 223 4180; x_wconf 88' lang='grc' dir='ltr'>Δ.</span> <span class='ocrx_word' id='word_1_415' title='bbox 248 4122 374 4198; x_wconf 56' lang='lat' dir='ltr'>catulla.</span> <span class='ocrx_word' id='word_1_416' title='bbox 413 4121 555 4192; x_wconf 78' lang='lat' dir='ltr'>Singulari</span> <span class='ocrx_word' id='word_1_417' title='bbox 581 4121 754 4192; x_wconf 81' lang='lat' dir='ltr'>significatur</span> <span class='ocrx_word' id='word_1_418' title='bbox 797 4125 864 4178; x_wconf 78' lang='lat' dir='ltr'>tham</span> <span class='ocrx_word' id='word_1_419' title='bbox 880 4124 979 4190; x_wconf 72' lang='lat' dir='ltr'>sollte).</span> 
     </span>
     <span class='ocr_line' id='line_1_45' title="bbox 188 4200 1361 4272; baseline -0.002 -16"><span class='ocrx_word' id='word_1_420' title='bbox 188 4219 288 4256; x_wconf 78' lang='lat' dir='ltr'>naum</span> <span class='ocrx_word' id='word_1_421' title='bbox 311 4200 468 4268; x_wconf 73' lang='lat' dir='ltr'>aliquod</span> <span class='ocrx_word' id='word_1_422' title='bbox 492 4200 651 4268; x_wconf 70' lang='lat' dir='ltr'>cucullum,</span> <span class='ocrx_word' id='word_1_423' title='bbox 676 4203 754 4272; x_wconf 89' lang='lat' dir='ltr'>quod</span> <span class='ocrx_word' id='word_1_424' title='bbox 830 4201 927 4270; x_wconf 73' lang='lat' dir='ltr'>lyncei</span> <span class='ocrx_word' id='word_1_425' title='bbox 959 4201 1051 4271; x_wconf 81' lang='lat' dir='ltr'>apecr&#39;e</span> <span class='ocrx_word' id='word_1_426' title='bbox 1084 4200 1278 4271; x_wconf 79' lang='lat' dir='ltr'>prudentium]</span> <span class='ocrx_word' id='word_1_427' title='bbox 1319 4201 1361 4254; x_wconf 90' lang='lat' dir='ltr'>Ita</span> 
     </span>
     <span class='ocr_line' id='line_1_46' title="bbox 188 4275 1360 4348; baseline -0.004 -13"><span class='ocrx_word' id='word_1_428' title='bbox 188 4277 336 4348; x_wconf 71' lang='lat' dir='ltr'>Agriooh,</span> <span class='ocrx_word' id='word_1_429' title='bbox 366 4279 430 4331; x_wconf 87' lang='lat' dir='ltr'>dum</span> <span class='ocrx_word' id='word_1_430' title='bbox 453 4275 483 4330; x_wconf 92' lang='lat' dir='ltr'>iu</span> <span class='ocrx_word' id='word_1_431' title='bbox 507 4277 689 4333; x_wconf 82' lang='lat' dir='ltr'>Caledoniam</span> <span class='ocrx_word' id='word_1_432' title='bbox 710 4277 752 4333; x_wconf 91' lang='lat' dir='ltr'>in·</span> <span class='ocrx_word' id='word_1_433' title='bbox 796 4279 861 4334; x_wconf 79' lang='lat' dir='ltr'>Vnt.</span> <span class='ocrx_word' id='word_1_434' title='bbox 889 4285 919 4334; x_wconf 88' lang='grc' dir='ltr'>Γ.</span> <span class='ocrx_word' id='word_1_435' title='bbox 945 4283 978 4332; x_wconf 89' lang='grc' dir='ltr'>Δ.</span> <span class='ocrx_word' id='word_1_436' title='bbox 1005 4278 1096 4348; x_wconf 79' lang='lat' dir='ltr'>aperie</span> <span class='ocrx_word' id='word_1_437' title='bbox 1121 4279 1177 4347; x_wconf 74' lang='lat' dir='ltr'>ipo.</span> <span class='ocrx_word' id='word_1_438' title='bbox 1198 4279 1285 4348; x_wconf 79' lang='lat' dir='ltr'>prud.</span> <span class='ocrx_word' id='word_1_439' title='bbox 1305 4276 1360 4330; x_wconf 85' lang='lat' dir='ltr'>Pu-</span> 
     </span>
     <span class='ocr_line' id='line_1_47' title="bbox 187 4353 1363 4430; baseline 0.001 -21"><span class='ocrx_word' id='word_1_440' title='bbox 187 4363 258 4424; x_wconf 81' lang='lat' dir='ltr'>trnt,</span> <span class='ocrx_word' id='word_1_441' title='bbox 278 4353 404 4425; x_wconf 79' lang='lat' dir='ltr'>poenicae</span> <span class='ocrx_word' id='word_1_442' title='bbox 422 4356 562 4428; x_wconf 83' lang='lat' dir='ltr'>putandae</span> <span class='ocrx_word' id='word_1_443' title='bbox 582 4364 632 4410; x_wconf 83' lang='lat' dir='ltr'>eat.</span> <span class='ocrx_word' id='word_1_444' title='bbox 796 4355 862 4410; x_wconf 86' lang='lat' dir='ltr'>teol.</span> <span class='ocrx_word' id='word_1_445' title='bbox 890 4356 992 4411; x_wconf 80' lang='lat' dir='ltr'>Sensus</span> <span class='ocrx_word' id='word_1_446' title='bbox 1008 4363 1064 4410; x_wconf 85' lang='lat' dir='ltr'>eet:</span> <span class='ocrx_word' id='word_1_447' title='bbox 1083 4359 1133 4428; x_wconf 77' lang='lat' dir='ltr'>qul</span> <span class='ocrx_word' id='word_1_448' title='bbox 1142 4372 1174 4411; x_wconf 84' lang='lat' dir='ltr'>re</span> <span class='ocrx_word' id='word_1_449' title='bbox 1188 4356 1252 4430; x_wconf 71' lang='lat' dir='ltr'>epra</span> <span class='ocrx_word' id='word_1_450' title='bbox 1265 4353 1363 4424; x_wconf 70' lang='lat' dir='ltr'>tpaavt</span> 
     </span>
    </p>
   </div>
   <div class='ocr_carea' id='block_1_6' title="bbox 0 0 1538 4867">
    <p class='ocr_par' dir='ltr' id='par_1_13' title="bbox 0 0 1538 4867">
     <span class='ocr_line' id='line_1_48' title="bbox 0 0 1538 4867; baseline 0 2"><span class='ocrx_word' id='word_1_451' title='bbox 0 0 1538 4867; x_wconf 95' lang='lat' dir='ltr'> </span> 
     </span>
    </p>
   </div>
  </div>
 </body>
</html>
