3067 4867
187 252 229 325 52
605 254 939 314 cosnunrrrscm

188 443 304 531 gebat,
335 444 451 511 iuvene
481 444 655 511 admodum
688 446 897 525 Domitiano,
930 457 963 513 et
993 468 1035 513 ex
1067 450 1203 534 paterna
1229 449 1360 515 iortun'a

188 556 312 619 tantuin
341 554 505 621 licentiam
530 568 718 643 usurpante.
762 556 796 621 Is
822 557 958 623 missum
979 559 1022 622 ad
1045 558 1189 643 delectus
1210 560 1383 646 agendosa

188 665 377 751 Agricolam
402 665 594 752 integreque
621 688 658 733 ac
687 676 817 733 strenue
844 678 1005 733 versatum
1025 668 1197 737 vicesimae
1223 668 1358 755 legioni,

187 776 278 841 tarde
300 775 341 840 ad
365 786 599 842 sacramentum
620 788 855 863 transgressae,
886 777 1093 865 praeposuit,
1121 778 1178 845 ubi
1205 780 1359 846 decessor

187 885 344 951 seditiose
372 908 470 971 agere
498 888 687 953 narrabatur
694 912 703 964 ;
733 887 858 974 quippe
887 887 1003 972 legatis
1024 912 1156 975 qnoque
1177 890 1357 955 consulari·

185 994 248 1061 bus
270 996 369 1062 nimia
391 1016 430 1062 ao
451 996 662 1063 formidolosa
684 1008 765 1075 erat,
795 1020 856 1064 nec
881 997 1009 1085 legatus
1031 999 1212 1086 praetorius
1236 1000 1278 1066 ad
1299 1022 1356 1067 co-

187 1106 363 1175 hibendum
396 1117 530 1194 potens,
562 1108 738 1186 incertum,
775 1131 835 1173 suc
868 1134 910 1175 an
942 1109 1078 1176 militum
1108 1109 1251 1197 ingenio.
1304 1110 1380 1180 Ital

187 1296 250 1361 842),
269 1293 347 1366 prius
364 1310 448 1365 quam
469 1294 514 1347 hic
530 1294 624 1348 urbem
640 1294 750 1364 ingres·
785 1296 892 1363 fauor,
918 1298 995 1365 quod
1015 1297 1077 1350 illie
1096 1298 1234 1350 aecrmdae
1252 1297 1358 1366 laciori

187 1390 247 1441 sus,
263 1378 363 1425 cuncta
394 1370 475 1425 simul
506 1370 534 1426 in
564 1388 594 1425 ae
626 1378 751 1429 traxerat
792 1390 812 1425 a
833 1374 956 1428 Claudio
970 1374 1152 1445 praepositus
1169 1381 1195 1427 et
1212 1374 1356 1429 hellada

187 1446 270 1515 (Hiat.
294 1448 345 1511 lv,
375 1449 445 1517 11.),
478 1466 668 1520 summamque
695 1449 750 1504 vim
791 1468 841 1503 rua
861 1458 971 1519 ayunt,
993 1469 1060 1504 nors
1080 1450 1158 1503 aine
1180 1459 1271 1505 motu
1292 1454 1355 1506 ad·

161 1564 163 1567 -
186 1526 302 1579 tenebat
320 1524 366 1593 (H.
385 1525 433 1589 IV,
451 1530 493 1587 39.
511 1530 557 1593 2.).
793 1526 908 1581 iurauit
924 1535 1133 1582 ceterarum.

221 1611 316 1665 iuuene
334 1612 499 1681 admodum]
522 1612 564 1667 lta
576 1612 641 1668 Vat.
657 1618 686 1667 Γ.
697 1617 748 1675 An
825 1612 884 1681 aba]
906 1612 923 1669 i.
941 1630 965 1667 e.
983 1615 1064 1683 apud
1078 1630 1178 1683 quam
1195 1630 1221 1667 v.
1236 1613 1272 1665 ad
1284 1612 1354 1668 Sall.

186 1689 271 1759 vulgo
296 1706 444 1761 perperam
467 1692 619 1743 admodum
637 1690 751 1758 iuoeue;
792 1688 1051 1751 citassent.
1426 1752 1431 1761 ,

186 1786 249 1821 narn
272 1784 357 1839 quum
380 1768 475 1820 iuuene
498 1768 690 1839 praedicatum
715 1768 750 1821 sit·
826 1769 966 1836 decernor]
986 1768 1068 1821 Novo
1087 1768 1172 1821 modo
1190 1765 1352 1831 itadicitur,

186 1862 243 1899 uon
267 1844 444 1911 attributum,
468 1843 497 1897 in
519 1862 552 1899 eo
571 1846 612 1899 vis
636 1853 749 1899 seuten-
792 1844 843 1914 qui
867 1844 997 1915 proxime
1021 1845 1201 1915 praefuerat.
1242 1844 1270 1897 Is
1300 1842 1356 1898 fuit

185 1922 241 1977 tiss
264 1920 345 1976 inest.
383 1921 489 1976 Caussa
506 1920 592 1989 enim,
617 1938 666 1976 cur
685 1922 761 1976 Mur
791 1922 911 1976 Rosciw
930 1922 1181 1992 caedendoque
1196 1939 1222 1975 v.
1240 1920 1311 1976 Hist.
1331 1922 1353 1985 1,

186 2000 282 2053 cianus
304 1998 379 2053 solus
403 2006 505 2052 statum
530 1998 606 2053 urbis
626 2007 748 2069 regeret,
792 2003 834 2054 uc.
866 1999 1006 2053 Praeerat
1028 1996 1184 2052 Trebellius
1201 1998 1352 2062 Marianus,

187 2078 316 2143 affertur,
344 2077 421 2146 qnod
441 2074 614 2131 Domitianus
632 2084 749 2148 propter
786 2092 842 2145 per
858 2076 1011 2129 decutiam
1028 2077 1173 2129 maorder
1184 2082 1353 2145 corumptum

186 2153 403 2207 adolescentiam
417 2152 685 2225 (duodevicesimum
699 2172 747 2207 au·
791 2153 925 2207 wercitui
934 2153 1098 2221 laciniaque.
1125 2153 1354 2207 Accendelat

184 2249 250 2285 num
269 2231 380 2301 agebat)
397 2231 481 2285 rebus
502 2231 680 2285 moderandis
700 2234 748 2285 ad·
791 2230 906 2283 adium
934 2230 1010 2283 aius
1031 2230 1185 2284 Roscius
1208 2229 1354 2285 Caelius

184 2308 748 2379 hucimperarat,repraeterealicen·
791 2306 934 2374 leuatus
963 2308 1029 2362 XX
1056 2306 1228 2375 lesionis,
1265 2307 1352 2361 olim

184 2388 240 2441 tiae
259 2404 288 2441 se
307 2388 400 2441 dabat.
436 2386 481 2440 De
500 2404 534 2440 eo
555 2388 592 2442 cl.
610 2386 682 2440 Hist.
698 2386 747 2450 IV,
790 2384 947 2449 discam
972 2386 1037 2439 aed
1057 2384 1248 2438 cesariana
1266 2386 1353 2438 eiea'·

185 2471 215 2528 2,
242 2470 265 2519 1.
303 2464 412 2517 Nomen
443 2465 588 2533 aedemque
616 2464 748 2519 Caesaris
790 2460 880 2513 lium
897 2478 1078 2515 armorum
1097 2462 1353 2530 atrociuapro·

183 2541 364 2596 Domitianus
380 2549 539 2609 coemunt,
565 2542 689 2595 nondum
707 2543 749 2594 ad
789 2545 950 2608 ruperat.
1001 2538 1157 2592 Trebellius
1189 2538 1352 2593 reditium

185 2635 268 2673 curas
296 2618 432 2685 intersim
460 2619 523 2670 sed
547 2619 685 2687 stupris
715 2626 747 2671 et
790 2623 816 2668 et
843 2617 989 2683 consuetam
1022 2616 1148 2670 ordinem
1183 2615 1353 2686 diciplinae

185 2695 387 2750 adulteriis
412 2694 535 2760 filiurn
557 2696 747 2765 principie
791 2692 889 2748 Caelio
915 2722 946 2733 ·-
971 2694 1138 2760 obiectabat,
1155 2711 1224 2747 cum
1243 2693 1353 2747 uterini

185 2773 320 2841 arebat.
346 2770 402 2825 Titi
421 2771 523 2825 mentio
541 2772 602 2827 fieri
621 2790 677 2827 non
697 2789 746 2842 po·
782 2770 885 2838 foedis
902 2770 1057 2839 kenterum
1074 2770 1268 2824 ammiraldus
1289 2789 1351 2825 ma-

183 2850 250 2916 luit,
275 2848 341 2917 quia
367 2847 390 2902 is
413 2856 471 2905 turn
493 2848 521 2901 in
541 2848 609 2903 Asia
626 2850 744 2920 agebat;
789 2848 1351 2917 destiacoercituacorrupta‚etc.

184 2929 220 2982 cf.
239 2925 309 2979 Hist.
331 2925 367 2988 ΙΙ,
388 2928 409 2979 1.
428 2930 453 2980 2.
822 2925 955 2978 seditioae
972 2926 1067 2993 aque]
1096 2924 1139 2978 Ita
1162 2924 1265 2978 dicitur
1282 2924 1352 2981 an-

218 3009 242 3059 3.
255 3001 567 3071 addelectusaqendos]
581 3002 746 3071 Agebantur
789 3001 858 3066 lius,
875 3019 932 3055 nou
950 3020 1006 3073 qno
1025 3018 1093 3057 rere
1111 3001 1273 3056 seditionem
1291 3020 1350 3057 mo·

184 3080 213 3133 hi
232 3080 358 3133 delectus
377 3080 453 3131 haud
473 3078 557 3133 dubis
576 3079 604 3132 iu
623 3079 713 3134 Italia.
790 3077 875 3143 verit,
907 3080 957 3133 scd
989 3080 1081 3151 quod,
1112 3080 1176 3131 dnm
1207 3079 1351 3134 Trebellio

218 3158 332 3225 auteurs]
363 3154 379 3211 i.
398 3174 423 3211 e.
441 3156 497 3220 ito,
527 3165 558 3211 ut
576 3158 670 3227 pretio
691 3176 747 3211 raon
789 3156 896 3211 discors
912 3163 967 3224 est,
985 3157 1016 3209 iu
1032 3173 1085 3209 aria
1101 3156 1208 3225 leriam
1225 3156 1352 3225 dicipli-

183 3241 406 3303 coruumperetur
430 3235 466 3287 ad
485 3234 656 3288 vacationem
676 3234 746 3288 mili·
789 3252 855 3287 uam
882 3233 944 3287 lobi
959 3250 1065 3303 paam
1088 3242 1141 3297 eat,
1172 3250 1264 3304 usqne
1292 3252 1351 3289 mo·

182 3312 235 3365 tiae
252 3304 394 3366 nonnullis
413 3314 622 3366 concedendam
647 3314 746 3382 (unle-
790 3311 905 3365 dentiam
924 3310 1040 3384 parendi
1057 3310 1235 3381 sustentavit;
1256 3330 1283 3367 v.
1303 3330 1351 3367 an·

182 3388 339 3458 atechlicla).
789 3397 845 3443 not.
863 3390 994 3459 praeced.

222 3468 340 3535 suenus]
386 3465 402 3521 i.
439 3484 464 3521 e.
506 3468 581 3519 haud
623 3466 746 3537 seguiter
823 3464 923 3533 leuctra
941 3496 976 3505 —
993 3466 1197 3535 comuntur]
1221 3484 1260 3522 ac.
1282 3468 1350 3522 Tra·

182 3544 324 3613 (rttlriq).
789 3541 872 3596 bellio
897 3543 1026 3597 Maaimo
1051 3542 1166 3613 eiusque
1195 3544 1349 3598 successori

216 3622 362 3675 vicesimae
385 3620 500 3689 leuiora]
526 3637 564 3675 sc.
587 3618 616 3674 in
634 3620 746 3675 Britan·
792 3620 880 3673 Vettio
898 3621 1021 3676 Bolano.
1047 3650 1082 3662 —
1104 3622 1207 3689 Leonti
1223 3622 1350 3675 conculs-

183 3698 228 3752 nia
253 3698 348 3768 agenti
372 3698 457 3766 (Hist.
476 3697 534 3764 111,
554 3703 601 3762 22,
621 3701 673 3767 2.),
701 3698 745 3753 cui
787 3714 834 3749 rea
859 3704 924 3751 sunt
945 3698 1096 3766 praesides
1127 3699 1213 3752 totius
1234 3700 1350 3769 provia-

183 3793 285 3829 nornen
311 3781 371 3829 erat
386 3775 503 3830 olcuioi.
533 3775 686 3830 Praetores
706 3775 745 3830 ibi
787 3774 865 3844 ciae;
894 3773 983 3842 leuati
994 3776 1137 3844 praetorii
1154 3776 1269 3847 singulis
1290 3786 1350 3831 tan-

183 3863 263 3907 erant
298 3854 420 3907 emunda
451 3860 479 3905 et
508 3860 610 3920 quarta
639 3854 747 3907 decim
788 3858 847 3903 tom
866 3851 1019 3919 homnibus
1032 3862 1192 3923 wasmont.

183 3930 267 3995 (Hist.
288 3930 339 3993 ΙΙΙ,
357 3936 400 3991 44,
418 3934 442 3983 2.
471 3929 544 3984 Αιιη.
558 3929 637 3993 XIV,
656 3936 697 3993 37,
711 3936 746 3994 3.)
822 3929 920 3996 nimia}
940 3930 1067 3984 Nimium
1078 3948 1163 3999 quum
1176 3931 1213 3984 sit
1223 3930 1260 3991 id,
1274 3935 1351 4003 qnod

183 4024 215 4060 ac
246 4024 321 4059 ucria
351 4005 455 4076 (Agr-ic.
483 4024 507 4061 c.
535 4012 584 4071 26,
613 4013 635 4064 1.
671 4010 744 4063 Anu.
788 4008 901 4059 modurn
919 4007 1040 4069 excedit,
1059 4008 1162 4061 simius
1177 4008 1268 4062 aliosi
1283 4010 1352 4065 ‹lici-

182 4082 258 4144 XlV‚
277 4088 318 4145 32,
338 4086 381 4151 4.).
787 4090 833 4137 tur
857 4082 897 4147 is,
923 4083 971 4153 qui
998 4086 1034 4138 ab
1058 4083 1108 4139 illo
1127 4086 1244 4158 amplius
1261 4088 1350 4141 conti·

218 4162 300 4213 tarde
329 4161 370 4212 ad
386 4168 588 4213 annumeratam
606 4169 745 4229 trauyrea
787 4159 848 4215 neri
872 4169 901 4215 et
926 4161 1050 4215 coerceri
1068 4180 1123 4217 non
1141 4172 1248 4234 potest,
1273 4168 1351 4235 quod

181 4233 243 4301 soe]
273 4234 308 4287 cf.
332 4233 404 4287 Hiat.
426 4236 482 4303 ΙΙΙ,
501 4242 549 4298 44,
567 4244 591 4292 2.
628 4239 745 4292 Britan·
788 4238 919 4293 Germani
942 4238 1038 4293 dicunt
1053 4241 1122 4294 siler
1137 4243 1192 4295 den
1208 4243 1295 4312 Kopf
1305 4260 1351 4311 ye-

180 4308 257 4363 niam
292 4310 404 4365 inclinis
438 4329 506 4380 erqo
543 4314 744 4385 Vespasianum
786 4318 928 4387 ωασΙιεση,
951 4316 986 4370 cf.
1006 4316 1204 4387 v011.11,aa,
1226 4324 1248 4375 1.
1279 4322 1351 4376 Ecca
