3067 4867
626 371 884 431 BREVIABIUM.

614 632 700 711 Pars
725 630 897 734 specialis.
960 704 964 717 ,

527 788 580 850 De
594 786 731 872 populis.
763 784 802 871 [c.
824 782 983 870 28-46.]

199 956 240 1015 u.
278 954 376 1014 Gentes
394 955 529 1029 quaedam
547 955 576 1012 in
594 954 766 1013 Germaniam
786 956 981 1027 transgressae
999 954 1044 1013 rel
1064 954 1222 1014 Germaniae
1243 955 1312 1013 fines

686 1062 826 1121 egressae.

240 1176 281 1226 28.
318 1168 445 1225 Gallicae
471 1178 568 1241 gentes
594 1170 719 1224 Helvetii
742 1169 815 1223 inter
836 1169 1003 1239 Hercyniam
1027 1168 1123 1223 silvam
1152 1176 1179 1223 et
1198 1170 1339 1234 Moenum,

170 1266 241 1320 Boii
258 1265 286 1319 in
297 1264 442 1321 Boihemo.
454 1296 489 1307 -
507 1266 566 1334 Osi,
585 1284 651 1319 num
669 1283 704 1319 ex
718 1266 865 1320 Pannonia
882 1264 1021 1329 venerint,
1039 1262 1163 1319 dubium.
1177 1297 1210 1306 -
1231 1266 1343 1319 Treviri

170 1365 199 1415 et
216 1360 316 1414 Neruii
333 1360 466 1414 Germani
484 1359 575 1414 videri
592 1362 699 1414 volunt.
719 1391 753 1400 -
778 1360 941 1429 Vangiones,
962 1358 1087 1429 Triboci,
1105 1360 1232 1413 Nemetes
1255 1358 1282 1412 in
1305 1360 1341 1413 si·

171 1454 255 1509 nistra
273 1454 334 1527 ripa
351 1456 427 1508 haud
447 1455 531 1511 dubie
550 1454 681 1511 Germani
700 1463 772 1513 sunt.
791 1486 824 1497 -
855 1456 929 1524 Ubii,
948 1454 1002 1507 iam
1021 1454 1251 1525 Agrippinenses,
1275 1453 1340 1508 olim

170 1550 303 1605 Germani
321 1549 442 1604 fuerunt.

238 1650 280 1699 29.
315 1644 434 1713 Batavi,
453 1661 470 1697 a
488 1644 592 1699 Chattis
611 1644 744 1713 digressi,
763 1644 865 1698 virtute
884 1642 1038 1713 conspicui,
1061 1641 1192 1697 Romanis
1210 1641 1274 1709 fidi,
1294 1660 1339 1697 eo-

169 1756 224 1810 que
243 1739 352 1793 tributis
371 1738 502 1810 exempti.
512 1770 544 1779 -
563 1740 670 1793 Eodem
682 1739 773 1793 animo
788 1746 817 1794 et
828 1741 928 1795 eadem
942 1738 1107 1793 condicione
1121 1744 1185 1791 sunt
1197 1738 1339 1806 Mattiaci,

170 1834 198 1888 in
211 1836 310 1890 dextra
323 1834 384 1905 ripa
401 1832 454 1887 siti.
466 1865 498 1873 —
516 1834 572 1898 Qui
591 1835 750 1889 decumanae
769 1852 850 1905 agros
867 1841 976 1904 tenent,
993 1833 1118 1889 Gallicae
1137 1840 1199 1887 sunt
1217 1831 1340 1901 originis.

449 2031 477 2089 t.
514 2030 613 2091 Gentes
633 2032 729 2092 tueris
749 2045 804 2090 nen
824 2030 1054 2090 annumerandae.

239 2175 282 2225 30.
319 2168 416 2225 timei
432 2176 490 2222 tum
509 2169 536 2222 in
549 2168 690 2239 Hercynia
706 2168 777 2223 silva
795 2175 853 2223 tum
870 2170 898 2224 in
916 2168 1000 2239 plano
1020 2169 1154 2233 habitant,
1173 2186 1241 2239 gens
1261 2169 1339 2231 dura,

171 2264 294 2335 bellique
312 2262 446 2335 imprimis
466 2263 564 2328 sciens,
583 2264 660 2319 cuius
678 2263 707 2318 in
728 2262 824 2334 pedite
842 2265 938 2319 robur.

239 2364 280 2415 31.
316 2356 447 2413 Crinibus
472 2358 614 2413 submissis
638 2377 672 2413 ac
694 2358 813 2414 terribili
838 2358 935 2413 habitu
965 2360 1000 2412 ad
1026 2357 1145 2412 hostium
1171 2358 1285 2410 caedem
1309 2372 1339 2408 se

172 2455 324 2518 devovent,
343 2471 431 2525 usque
449 2455 485 2506 ad
504 2452 675 2508 senectutem
691 2461 793 2509 truces.

238 2553 279 2604 32.
316 2548 433 2603 Chattos
451 2548 603 2620 excipiunt.
617 2548 699 2619 Usipi
720 2557 750 2603 et
771 2548 909 2617 Tencteri,
934 2564 1052 2617 quorum
1070 2545 1098 2599 hi
1118 2546 1241 2617 equitatu
1259 2561 1340 2616 prae·

171 2642 283 2697 cellunt.

239 2742 282 2791 33.
318 2736 462 2805 Bructeri,
482 2736 547 2791 olim
567 2746 704 2808 potentes,
723 2736 823 2802 excisi,
843 2736 871 2791 in
890 2754 1042 2806 eorumque
1060 2737 1139 2789 sedes
1159 2734 1296 2789 Chamavi
1312 2742 1340 2788 et

170 2830 341 2900 Angriuarii
367 2831 568 2901 immigrarunt.
593 2863 627 2872 —
658 2831 850 2903 Interponitur
878 2838 1002 2903 optatum
1031 2829 1153 2884 durantis
1181 2827 1339 2882 discordiae

171 2927 385 2981 Germanorum.
727 2985 728 2988 Ἴ

239 3026 280 3075 34.
316 3020 475 3090 Dalqibirri.
508 3020 714 3075 Chasuarii-
733 3019 828 3074 Frisii
845 3019 967 3075 maiores
984 3020 1158 3089 minoresque
1176 3017 1248 3071 inter
1264 3017 1339 3071 Rhe·

171 3134 236 3169 num
257 3123 285 3168 et
302 3114 378 3169 lacus
398 3116 540 3185 usquead
559 3117 711 3179 Oceanum,
731 3115 797 3170 olim
815 3132 832 3168 a
850 3116 942 3170 Druso
963 3123 991 3169 et
1008 3114 1174 3169 Germanico
1196 3119 1340 3181 tentatum,

170 3210 219 3265 ubi
240 3210 370 3264 Herculis
390 3209 535 3263 columnae
555 3227 616 3265 esse
635 3212 773 3264 dicuntur.

240 3310 282 3360 35.
317 3305 362 3357 rid
387 3302 618 3375 septentrionales
644 3312 741 3373 gentes
769 3304 911 3374 pertinent
934 3304 1055 3372 Obaaci,
1082 3302 1201 3373 populus
1224 3319 1339 3371 magnus

171 3408 199 3454 et
218 3398 321 3453 iustitia
341 3400 440 3452 clarus.

240 3500 280 3549 36.
317 3493 451 3548 Cbcmmci
474 3491 559 3547 nimio
583 3491 660 3564 pacis
684 3510 779 3547 amore
802 3511 818 3546 a
838 3492 944 3548 Chattis
965 3490 1053 3547 fracti.
1074 3522 1104 3532 -
1137 3492 1214 3546 Idem
1239 3490 1341 3545 accidit

171 3588 263 3643 Foris.
1350 3585 1353 3590 ’

240 3688 281 3739 37.
319 3682 426 3737 Cimbri
442 3683 478 3736 ad
497 3681 650 3750 Oceanum,
668 3689 764 3736 vetere
783 3676 857 3736 fama
876 3680 951 3736 cleri.
971 3711 1004 3720 -
1034 3678 1133 3735 Brevis
1154 3679 1340 3751 interponitur

172 3776 271 3832 notitia
291 3794 376 3847 quum
395 3778 430 3831 de
450 3777 624 3832 Cimbrorum
646 3785 704 3831 tum
725 3779 760 3832 de
782 3784 937 3833 ceterorum
956 3776 1158 3831 Germanorum
1178 3774 1259 3829 baliis
1278 3791 1341 3828 eum

171 3871 316 3927 Romania.

565 4015 606 4073 tl.
641 4014 788 4075 treverum
807 4015 945 4073 nationes.

242 4160 282 4211 38.
319 4154 404 4209 Saevi
420 4152 546 4225 pluribus
564 4151 724 4207 nationibus
743 4160 879 4208 constant.
897 4183 930 4193 —
957 4150 1104 4221 Proprium
1129 4148 1249 4205 omnium
1272 4149 1341 4207 obli-

173 4265 260 4320 quare
280 4248 386 4304 crinem
403 4250 536 4319 nodoque
556 4247 756 4318 substringere.

242 4347 283 4399 39.
318 4342 505 4398 Vetustissimi
531 4350 560 4397 et
583 4342 668 4397 totius
691 4342 782 4413 gentis
806 4348 890 4412 ceput
912 4346 976 4395 sunt
998 4340 1162 4410 Semnones,
1189 4338 1244 4394 luci
1270 4338 1341 4393 sacri

172 4435 310 4509 religione
329 4436 413 4503 cleri,
434 4440 508 4494 unde
527 4438 606 4492 initia
623 4436 716 4509 gentis
735 4454 797 4493 esse
817 4438 976 4492 creduntur.
