<?xml version="1.0" encoding="UTF-8"?>
<!DOCTYPE html PUBLIC "-//W3C//DTD XHTML 1.0 Transitional//EN"
    "http://www.w3.org/TR/xhtml1/DTD/xhtml1-transitional.dtd">
<html xmlns="http://www.w3.org/1999/xhtml" xml:lang="en" lang="en">
 <head>
  <title>
</title>
<meta http-equiv="Content-Type" content="text/html;charset=utf-8" />
  <meta name='ocr-system' content='tesseract 3.04.00' />
  <meta name='ocr-capabilities' content='ocr_page ocr_carea ocr_par ocr_line ocrx_word'/>
</head>
<body>
  <div class='ocr_page' id='page_1' title='image "./pcorneliitaciti00wexgoog/pcorneliitaciti00wexgoog_0022.png"; bbox 0 0 3067 4867; ppageno 0'>
   <div class='ocr_carea' id='block_1_1' title="bbox 202 246 1014 353">
    <p class='ocr_par' dir='ltr' id='par_1_1' title="bbox 202 246 1014 353">
     <span class='ocr_line' id='line_1_1' title="bbox 202 246 1014 353; baseline -0.004 -18"><span class='ocrx_word' id='word_1_1' title='bbox 202 282 239 353; x_wconf 37' lang='lat'>2·</span> <span class='ocrx_word' id='word_1_2' title='bbox 553 246 856 333; x_wconf 78' lang='lat' dir='ltr'>raonncomnuu.</span> <span class='ocrx_word' id='word_1_3' title='bbox 894 277 974 333; x_wconf 76' lang='lat' dir='ltr'>car.</span> <span class='ocrx_word' id='word_1_4' title='bbox 993 278 1014 333; x_wconf 91' lang='lat'>1.</span> 
     </span>
    </p>
   </div>
   <div class='ocr_carea' id='block_1_2' title="bbox 175 464 1368 4277">
    <p class='ocr_par' dir='ltr' id='par_1_2' title="bbox 175 464 1368 1865">
     <span class='ocr_line' id='line_1_2' title="bbox 175 464 1368 557; baseline -0.001 -28"><span class='ocrx_word' id='word_1_5' title='bbox 175 464 321 557; x_wconf 76' lang='lat' dir='ltr'>laomen</span> <span class='ocrx_word' id='word_1_6' title='bbox 355 466 384 529; x_wconf 94' lang='lat' dir='ltr'>ei</span> <span class='ocrx_word' id='word_1_7' title='bbox 417 466 515 551; x_wconf 86' lang='lat' dir='ltr'>vulgo</span> <span class='ocrx_word' id='word_1_8' title='bbox 549 464 700 529; x_wconf 83' lang='lat' dir='ltr'>tribuitur</span> <span class='ocrx_word' id='word_1_9' title='bbox 733 464 844 543; x_wconf 82' lang='lat' dir='ltr'>Caius,</span> <span class='ocrx_word' id='word_1_10' title='bbox 878 465 1067 530; x_wconf 88' lang='lat' dir='ltr'>auctoritate</span> <span class='ocrx_word' id='word_1_11' title='bbox 1097 487 1164 529; x_wconf 93' lang='lat' dir='ltr'>non</span> <span class='ocrx_word' id='word_1_12' title='bbox 1194 464 1368 529; x_wconf 80' lang='lat' dir='ltr'><strong>admodum</strong></span> 
     </span>
     <span class='ocr_line' id='line_1_3' title="bbox 203 574 1367 661; baseline -0.001 -23"><span class='ocrx_word' id='word_1_13' title='bbox 203 576 294 639; x_wconf 84' lang='lat' dir='ltr'>firma</span> <span class='ocrx_word' id='word_1_14' title='bbox 322 574 450 641; x_wconf 90' lang='lat' dir='ltr'>Sidonii</span> <span class='ocrx_word' id='word_1_15' title='bbox 472 575 618 661; x_wconf 88' lang='lat' dir='ltr'>Apollin.</span> <span class='ocrx_word' id='word_1_16' title='bbox 662 576 750 660; x_wconf 84' lang='lat' dir='ltr'>Epp.</span> <span class='ocrx_word' id='word_1_17' title='bbox 780 575 841 650; x_wconf 91' lang='lat' dir='ltr'>IV,</span> <span class='ocrx_word' id='word_1_18' title='bbox 871 577 920 639; x_wconf 87' lang='lat'>14.</span> <span class='ocrx_word' id='word_1_19' title='bbox 950 588 982 639; x_wconf 88' lang='lat' dir='ltr'>et</span> <span class='ocrx_word' id='word_1_20' title='bbox 1010 576 1061 641; x_wconf 91' lang='grc'>22.</span> <span class='ocrx_word' id='word_1_21' title='bbox 1106 575 1235 655; x_wconf 79' lang='lat' dir='ltr'>Quare,</span> <span class='ocrx_word' id='word_1_22' title='bbox 1269 598 1367 659; x_wconf 92' lang='lat' dir='ltr'>quum</span> 
     </span>
     <span class='ocr_line' id='line_1_4' title="bbox 203 664 1368 768; baseline 0 -21"><span class='ocrx_word' id='word_1_23' title='bbox 203 685 235 748; x_wconf 94' lang='lat' dir='ltr'>in</span> <span class='ocrx_word' id='word_1_24' title='bbox 270 664 495 768; x_wconf 84' lang='lat' dir='ltr'>antiquissimo</span> <span class='ocrx_word' id='word_1_25' title='bbox 526 684 639 749; x_wconf 87' lang='lat' dir='ltr'>codice</span> <span class='ocrx_word' id='word_1_26' title='bbox 667 684 840 747; x_wconf 82' lang='lat' dir='ltr'><strong>Annalium</strong></span> <span class='ocrx_word' id='word_1_27' title='bbox 873 683 1082 759; x_wconf 88' lang='lat' dir='ltr'>Corbeiensi,</span> <span class='ocrx_word' id='word_1_28' title='bbox 1116 685 1171 768; x_wconf 91' lang='lat' dir='ltr'>qui</span> <span class='ocrx_word' id='word_1_29' title='bbox 1201 706 1287 749; x_wconf 88' lang='lat' dir='ltr'>nunc</span> <span class='ocrx_word' id='word_1_30' title='bbox 1320 696 1368 748; x_wconf 91' lang='lat' dir='ltr'>est</span> 
     </span>
     <span class='ocr_line' id='line_1_5' title="bbox 177 764 1368 886; baseline 0 -29"><span class='ocrx_word' id='word_1_31' title='bbox 177 764 322 885; x_wconf 59' lang='lat' dir='ltr'>{Medic</span> <span class='ocrx_word' id='word_1_32' title='bbox 344 795 389 871; x_wconf 84' lang='grc'>1.,</span> <span class='ocrx_word' id='word_1_33' title='bbox 419 817 615 880; x_wconf 81' lang='lat' dir='ltr'>praenomen</span> <span class='ocrx_word' id='word_1_34' title='bbox 643 805 828 886; x_wconf 86' lang='lat' dir='ltr'>compareat</span> <span class='ocrx_word' id='word_1_35' title='bbox 850 795 996 872; x_wconf 77' lang='lat' dir='ltr'><em>Publius,</em></span> <span class='ocrx_word' id='word_1_36' title='bbox 1029 806 1190 881; x_wconf 79' lang='lat' dir='ltr'>praestat,</span> <span class='ocrx_word' id='word_1_37' title='bbox 1222 804 1257 858; x_wconf 95' lang='lat' dir='ltr'>ut</span> <span class='ocrx_word' id='word_1_38' title='bbox 1279 794 1311 857; x_wconf 91' lang='lat' dir='ltr'>in</span> <span class='ocrx_word' id='word_1_39' title='bbox 1333 816 1368 858; x_wconf 91' lang='lat' dir='ltr'>re</span> 
     </span>
     <span class='ocr_line' id='line_1_6' title="bbox 177 895 1367 991; baseline -0.001 -24"><span class='ocrx_word' id='word_1_40' title='bbox 177 895 323 968; x_wconf 64' lang='lat' dir='ltr'>&#39;‘incerta</span> <span class='ocrx_word' id='word_1_41' title='bbox 346 916 379 967; x_wconf 91' lang='lat' dir='ltr'>et</span> <span class='ocrx_word' id='word_1_42' title='bbox 398 904 478 980; x_wconf 90' lang='lat' dir='ltr'>levi,</span> <span class='ocrx_word' id='word_1_43' title='bbox 505 903 591 967; x_wconf 92' lang='lat' dir='ltr'>hunc</span> <span class='ocrx_word' id='word_1_44' title='bbox 614 904 735 991; x_wconf 20' lang='lat' dir='ltr'>sequi..</span> <span class='ocrx_word' id='word_1_45' title='bbox 758 903 965 968; x_wconf 82' lang='lat' dir='ltr'>Interamnae</span> <span class='ocrx_word' id='word_1_46' title='bbox 987 915 1097 967; x_wconf 88' lang='lat' dir='ltr'>natum</span> <span class='ocrx_word' id='word_1_47' title='bbox 1122 925 1193 968; x_wconf 88' lang='lat' dir='ltr'>esse</span> <span class='ocrx_word' id='word_1_48' title='bbox 1216 904 1367 967; x_wconf 87' lang='lat' dir='ltr'>Tacitum</span> 
     </span>
     <span class='ocr_line' id='line_1_7' title="bbox 202 999 1367 1099; baseline -0.001 -22"><span class='ocrx_word' id='word_1_49' title='bbox 202 1013 305 1098; x_wconf 84' lang='lat' dir='ltr'>magis</span> <span class='ocrx_word' id='word_1_50' title='bbox 328 1012 463 1097; x_wconf 75' lang='lat' dir='ltr'>antiqua</span> <span class='ocrx_word' id='word_1_51' title='bbox 485 1013 581 1091; x_wconf 77' lang='lat' dir='ltr'>iamt,</span> <span class='ocrx_word' id='word_1_52' title='bbox 604 1014 692 1099; x_wconf 88' lang='lat' dir='ltr'>apud</span> <span class='ocrx_word' id='word_1_53' title='bbox 717 1013 803 1076; x_wconf 88' lang='lat' dir='ltr'>cives</span> <span class='ocrx_word' id='word_1_54' title='bbox 825 1012 894 1075; x_wconf 91' lang='lat' dir='ltr'>eius</span> <span class='ocrx_word' id='word_1_55' title='bbox 917 999 1032 1098; x_wconf 81' lang='lat' dir='ltr'>oppidi</span> <span class='ocrx_word' id='word_1_56' title='bbox 1050 1023 1247 1088; x_wconf 87' lang='lat' dir='ltr'>conservata,</span> <span class='ocrx_word' id='word_1_57' title='bbox 1271 1035 1367 1097; x_wconf 88' lang='lat' dir='ltr'>quam</span> 
     </span>
     <span class='ocr_line' id='line_1_8' title="bbox 202 1122 1368 1209; baseline 0 -24"><span class='ocrx_word' id='word_1_58' title='bbox 202 1134 289 1187; x_wconf 89' lang='lat' dir='ltr'>certo</span> <span class='ocrx_word' id='word_1_59' title='bbox 324 1122 432 1206; x_wconf 90' lang='lat' dir='ltr'>aliquo</span> <span class='ocrx_word' id='word_1_60' title='bbox 467 1122 651 1186; x_wconf 91' lang='lat' dir='ltr'>testimonio</span> <span class='ocrx_word' id='word_1_61' title='bbox 685 1122 830 1189; x_wconf 85' lang='lat' dir='ltr'>traditur.</span> <span class='ocrx_word' id='word_1_62' title='bbox 879 1122 1015 1209; x_wconf 85' lang='lat' dir='ltr'>Quippe</span> <span class='ocrx_word' id='word_1_63' title='bbox 1051 1133 1127 1186; x_wconf 89' lang='lat' dir='ltr'>nata</span> <span class='ocrx_word' id='word_1_64' title='bbox 1156 1123 1283 1185; x_wconf 89' lang='lat' dir='ltr'>videtur</span> <span class='ocrx_word' id='word_1_65' title='bbox 1314 1122 1368 1186; x_wconf 89' lang='lat' dir='ltr'>illa</span> 
     </span>
     <span class='ocr_line' id='line_1_9' title="bbox 200 1231 1366 1318; baseline 0 -24"><span class='ocrx_word' id='word_1_66' title='bbox 200 1231 284 1295; x_wconf 87' lang='lat' dir='ltr'>lama</span> <span class='ocrx_word' id='word_1_67' title='bbox 314 1255 354 1295; x_wconf 83' lang='lat' dir='ltr'>ex</span> <span class='ocrx_word' id='word_1_68' title='bbox 385 1255 440 1307; x_wconf 88' lang='lat' dir='ltr'>eo,</span> <span class='ocrx_word' id='word_1_69' title='bbox 474 1233 564 1315; x_wconf 90' lang='lat' dir='ltr'>quod</span> <span class='ocrx_word' id='word_1_70' title='bbox 592 1232 769 1318; x_wconf 89' lang='lat' dir='ltr'>imperator</span> <span class='ocrx_word' id='word_1_71' title='bbox 798 1233 947 1308; x_wconf 86' lang='lat' dir='ltr'>Tacitus,</span> <span class='ocrx_word' id='word_1_72' title='bbox 981 1232 1036 1315; x_wconf 93' lang='lat' dir='ltr'>qui</span> <span class='ocrx_word' id='word_1_73' title='bbox 1066 1233 1268 1296; x_wconf 78' lang='lat' dir='ltr'>Interamnae</span> <span class='ocrx_word' id='word_1_74' title='bbox 1297 1232 1366 1307; x_wconf 83' lang='lat' dir='ltr'>fuit,</span> 
     </span>
     <span class='ocr_line' id='line_1_10' title="bbox 202 1341 1366 1428; baseline 0 -24"><span class='ocrx_word' id='word_1_75' title='bbox 202 1351 282 1405; x_wconf 91' lang='lat' dir='ltr'>teste</span> <span class='ocrx_word' id='word_1_76' title='bbox 315 1342 463 1428; x_wconf 88' lang='lat' dir='ltr'>Vopisco</span> <span class='ocrx_word' id='word_1_77' title='bbox 497 1364 524 1405; x_wconf 91' lang='lat' dir='ltr'>c.</span> <span class='ocrx_word' id='word_1_78' title='bbox 560 1342 610 1405; x_wconf 89' lang='grc'>10.</span> <span class='ocrx_word' id='word_1_79' title='bbox 670 1341 820 1407; x_wconf 87' lang='lat' dir='ltr'>Taciturn</span> <span class='ocrx_word' id='word_1_80' title='bbox 854 1342 1043 1427; x_wconf 76' lang='lat' dir='ltr'>scriptorem</span> <span class='ocrx_word' id='word_1_81' title='bbox 1076 1351 1241 1427; x_wconf 89' lang='lat' dir='ltr'>parentem</span> <span class='ocrx_word' id='word_1_82' title='bbox 1273 1364 1366 1404; x_wconf 91' lang='lat' dir='ltr'>suum</span> 
     </span>
     <span class='ocr_line' id='line_1_11' title="bbox 202 1450 1365 1536; baseline 0.001 -22"><span class='ocrx_word' id='word_1_83' title='bbox 202 1450 293 1525; x_wconf 86' lang='lat' dir='ltr'>dixit,</span> <span class='ocrx_word' id='word_1_84' title='bbox 317 1452 403 1515; x_wconf 89' lang='lat' dir='ltr'>etin</span> <span class='ocrx_word' id='word_1_85' title='bbox 426 1451 494 1516; x_wconf 91' lang='lat' dir='ltr'>eius</span> <span class='ocrx_word' id='word_1_86' title='bbox 519 1451 675 1515; x_wconf 87' lang='lat' dir='ltr'>honorem</span> <span class='ocrx_word' id='word_1_87' title='bbox 698 1474 798 1535; x_wconf 89' lang='lat' dir='ltr'>opera</span> <span class='ocrx_word' id='word_1_88' title='bbox 820 1452 890 1516; x_wconf 90' lang='lat' dir='ltr'>eius</span> <span class='ocrx_word' id='word_1_89' title='bbox 913 1451 1088 1535; x_wconf 84' lang='lat' dir='ltr'>quotannis</span> <span class='ocrx_word' id='word_1_90' title='bbox 1108 1450 1216 1515; x_wconf 83' lang='lat' dir='ltr'>decies</span> <span class='ocrx_word' id='word_1_91' title='bbox 1232 1450 1365 1536; x_wconf 91' lang='lat' dir='ltr'>publico</span> 
     </span>
     <span class='ocr_line' id='line_1_12' title="bbox 201 1559 1365 1646; baseline 0.001 -23"><span class='ocrx_word' id='word_1_92' title='bbox 201 1570 333 1646; x_wconf 91' lang='lat' dir='ltr'>sumptu</span> <span class='ocrx_word' id='word_1_93' title='bbox 363 1560 503 1625; x_wconf 82' lang='lat' dir='ltr'>describi</span> <span class='ocrx_word' id='word_1_94' title='bbox 531 1571 562 1624; x_wconf 93' lang='lat' dir='ltr'>et</span> <span class='ocrx_word' id='word_1_95' title='bbox 590 1561 623 1623; x_wconf 93' lang='lat' dir='ltr'>in</span> <span class='ocrx_word' id='word_1_96' title='bbox 647 1559 852 1625; x_wconf 83' lang='lat' dir='ltr'>bibliothecis</span> <span class='ocrx_word' id='word_1_97' title='bbox 875 1561 1025 1626; x_wconf 87' lang='lat' dir='ltr'>collocari</span> <span class='ocrx_word' id='word_1_98' title='bbox 1048 1560 1151 1626; x_wconf 88' lang='lat' dir='ltr'>iussit.</span> <span class='ocrx_word' id='word_1_99' title='bbox 1197 1561 1365 1642; x_wconf 86' lang='lat' dir='ltr'>Quaeres</span> 
     </span>
     <span class='ocr_line' id='line_1_13' title="bbox 200 1671 1365 1756; baseline 0 -23"><span class='ocrx_word' id='word_1_100' title='bbox 200 1679 236 1733; x_wconf 90' lang='lat' dir='ltr'>ut</span> <span class='ocrx_word' id='word_1_101' title='bbox 271 1691 337 1733; x_wconf 90' lang='lat' dir='ltr'>non</span> <span class='ocrx_word' id='word_1_102' title='bbox 375 1692 434 1755; x_wconf 91' lang='lat' dir='ltr'>pro</span> <span class='ocrx_word' id='word_1_103' title='bbox 471 1681 559 1734; x_wconf 87' lang='lat' dir='ltr'>certo</span> <span class='ocrx_word' id='word_1_104' title='bbox 598 1682 789 1756; x_wconf 85' lang='lat' dir='ltr'>argumento</span> <span class='ocrx_word' id='word_1_105' title='bbox 824 1683 872 1735; x_wconf 88' lang='lat' dir='ltr'>est</span> <span class='ocrx_word' id='word_1_106' title='bbox 904 1672 1122 1735; x_wconf 80' lang='lat' dir='ltr'>interamnam</span> <span class='ocrx_word' id='word_1_107' title='bbox 1155 1693 1227 1735; x_wconf 91' lang='lat' dir='ltr'>esse</span> <span class='ocrx_word' id='word_1_108' title='bbox 1260 1671 1365 1736; x_wconf 86' lang='lat' dir='ltr'>Taciti</span> 
     </span>
     <span class='ocr_line' id='line_1_14' title="bbox 200 1778 1005 1865; baseline 0.002 -22"><span class='ocrx_word' id='word_1_109' title='bbox 200 1779 355 1864; x_wconf 89' lang='lat' dir='ltr'>patriam,</span> <span class='ocrx_word' id='word_1_110' title='bbox 378 1778 424 1843; x_wconf 92' lang='lat' dir='ltr'>ita</span> <span class='ocrx_word' id='word_1_111' title='bbox 445 1802 504 1865; x_wconf 89' lang='lat' dir='ltr'>per</span> <span class='ocrx_word' id='word_1_112' title='bbox 526 1802 560 1843; x_wconf 87' lang='lat' dir='ltr'>se</span> <span class='ocrx_word' id='word_1_113' title='bbox 582 1779 662 1843; x_wconf 89' lang='lat' dir='ltr'>nihil</span> <span class='ocrx_word' id='word_1_114' title='bbox 684 1780 781 1845; x_wconf 89' lang='lat' dir='ltr'>babet</span> <span class='ocrx_word' id='word_1_115' title='bbox 806 1780 1005 1846; x_wconf 89' lang='lat' dir='ltr'>incredibile.</span> 
     </span>
    </p>

    <p class='ocr_par' dir='ltr' id='par_1_3' title="bbox 175 1888 1365 3379">
     <span class='ocr_line' id='line_1_15' title="bbox 175 1888 1364 1975; baseline -0.001 -23"><span class='ocrx_word' id='word_1_116' title='bbox 175 1898 179 1923; x_wconf 77' lang='lat'><em>&#39;</em></span> <span class='ocrx_word' id='word_1_117' title='bbox 282 1888 395 1952; x_wconf 87' lang='lat' dir='ltr'>Minus</span> <span class='ocrx_word' id='word_1_118' title='bbox 417 1888 551 1953; x_wconf 92' lang='lat' dir='ltr'>dubium</span> <span class='ocrx_word' id='word_1_119' title='bbox 575 1900 637 1965; x_wconf 90' lang='lat' dir='ltr'>est,</span> <span class='ocrx_word' id='word_1_120' title='bbox 662 1912 859 1973; x_wconf 88' lang='lat' dir='ltr'>quamquam</span> <span class='ocrx_word' id='word_1_121' title='bbox 884 1902 915 1952; x_wconf 91' lang='lat' dir='ltr'>et</span> <span class='ocrx_word' id='word_1_122' title='bbox 937 1888 1044 1975; x_wconf 90' lang='lat' dir='ltr'>ipsum</span> <span class='ocrx_word' id='word_1_123' title='bbox 1066 1911 1132 1952; x_wconf 93' lang='lat' dir='ltr'>non</span> <span class='ocrx_word' id='word_1_124' title='bbox 1155 1888 1252 1975; x_wconf 89' lang='lat' dir='ltr'>plane</span> <span class='ocrx_word' id='word_1_125' title='bbox 1275 1912 1364 1953; x_wconf 91' lang='lat' dir='ltr'>com-</span> 
     </span>
     <span class='ocr_line' id='line_1_16' title="bbox 199 1998 1364 2083; baseline -0.002 -20"><span class='ocrx_word' id='word_1_126' title='bbox 199 2008 342 2082; x_wconf 82' lang='lat' dir='ltr'>pertum,</span> <span class='ocrx_word' id='word_1_127' title='bbox 377 2010 501 2083; x_wconf 90' lang='lat' dir='ltr'>patrem</span> <span class='ocrx_word' id='word_1_128' title='bbox 528 1998 597 2063; x_wconf 91' lang='lat' dir='ltr'>eius</span> <span class='ocrx_word' id='word_1_129' title='bbox 619 1998 720 2063; x_wconf 85' lang='lat' dir='ltr'>fuisse</span> <span class='ocrx_word' id='word_1_130' title='bbox 742 1999 831 2063; x_wconf 88' lang='lat' dir='ltr'>illum</span> <span class='ocrx_word' id='word_1_131' title='bbox 856 1998 1042 2065; x_wconf 88' lang='lat' dir='ltr'>Cornelium</span> <span class='ocrx_word' id='word_1_132' title='bbox 1066 1998 1236 2075; x_wconf 83' lang='lat' dir='ltr'>Taciturn,</span> <span class='ocrx_word' id='word_1_133' title='bbox 1269 2020 1364 2083; x_wconf 88' lang='lat' dir='ltr'>quem</span> 
     </span>
     <span class='ocr_line' id='line_1_17' title="bbox 197 2105 1364 2195; baseline 0.002 -22"><span class='ocrx_word' id='word_1_134' title='bbox 197 2105 283 2173; x_wconf 90' lang='lat' dir='ltr'>Plin.</span> <span class='ocrx_word' id='word_1_135' title='bbox 307 2108 351 2175; x_wconf 89' lang='grc' dir='ltr'>Η.</span> <span class='ocrx_word' id='word_1_136' title='bbox 373 2108 414 2173; x_wconf 90' lang='lat' dir='ltr'>N.</span> <span class='ocrx_word' id='word_1_137' title='bbox 437 2109 522 2185; x_wconf 92' lang='lat' dir='ltr'>VII,</span> <span class='ocrx_word' id='word_1_138' title='bbox 556 2108 611 2183; x_wconf 86' lang='lat'>16,</span> <span class='ocrx_word' id='word_1_139' title='bbox 642 2108 692 2175; x_wconf 76' lang='lat'>76.</span> <span class='ocrx_word' id='word_1_140' title='bbox 720 2109 818 2172; x_wconf 88' lang='lat' dir='ltr'>tradit</span> <span class='ocrx_word' id='word_1_141' title='bbox 840 2109 994 2194; x_wconf 86' lang='lat' dir='ltr'>Belgicae</span> <span class='ocrx_word' id='word_1_142' title='bbox 1017 2109 1145 2174; x_wconf 85' lang='lat' dir='ltr'>Galliae</span> <span class='ocrx_word' id='word_1_143' title='bbox 1174 2121 1364 2195; x_wconf 87' lang='lat' dir='ltr'>procurato-</span> 
     </span>
     <span class='ocr_line' id='line_1_18' title="bbox 197 2216 1365 2307; baseline 0.003 -28"><span class='ocrx_word' id='word_1_144' title='bbox 197 2238 264 2281; x_wconf 89' lang='lat' dir='ltr'>rem</span> <span class='ocrx_word' id='word_1_145' title='bbox 293 2216 402 2307; x_wconf 82' lang='lat' dir='ltr'>tuisse.</span> <span class='ocrx_word' id='word_1_146' title='bbox 462 2216 526 2285; x_wconf 82' lang='lat' dir='ltr'>Cui</span> <span class='ocrx_word' id='word_1_147' title='bbox 554 2218 758 2283; x_wconf 83' lang='lat' dir='ltr'>coniecturae</span> <span class='ocrx_word' id='word_1_148' title='bbox 789 2218 877 2282; x_wconf 89' lang='lat' dir='ltr'>haud</span> <span class='ocrx_word' id='word_1_149' title='bbox 907 2220 978 2284; x_wconf 89' lang='lat' dir='ltr'>leve</span> <span class='ocrx_word' id='word_1_150' title='bbox 1007 2220 1207 2305; x_wconf 88' lang='lat' dir='ltr'>praesidium</span> <span class='ocrx_word' id='word_1_151' title='bbox 1238 2219 1365 2285; x_wconf 84' lang='lat' dir='ltr'>aceedit</span> 
     </span>
     <span class='ocr_line' id='line_1_19' title="bbox 197 2327 1364 2411; baseline 0 -18"><span class='ocrx_word' id='word_1_152' title='bbox 197 2347 238 2393; x_wconf 82' lang='lat' dir='ltr'>ox</span> <span class='ocrx_word' id='word_1_153' title='bbox 270 2347 327 2402; x_wconf 88' lang='lat' dir='ltr'>eo,</span> <span class='ocrx_word' id='word_1_154' title='bbox 364 2327 453 2411; x_wconf 89' lang='lat' dir='ltr'>quod</span> <span class='ocrx_word' id='word_1_155' title='bbox 487 2327 623 2393; x_wconf 79' lang='lat' dir='ltr'>Tacitus</span> <span class='ocrx_word' id='word_1_156' title='bbox 652 2327 921 2393; x_wconf 88' lang='lat' dir='ltr'>adscribendum</span> <span class='ocrx_word' id='word_1_157' title='bbox 948 2330 989 2393; x_wconf 93' lang='lat' dir='ltr'>de</span> <span class='ocrx_word' id='word_1_158' title='bbox 1018 2329 1192 2395; x_wconf 88' lang='lat' dir='ltr'>Germania</span> <span class='ocrx_word' id='word_1_159' title='bbox 1219 2328 1364 2395; x_wconf 90' lang='lat' dir='ltr'>libellum</span> 
     </span>
     <span class='ocr_line' id='line_1_20' title="bbox 196 2435 1365 2525; baseline 0.001 -24"><span class='ocrx_word' id='word_1_160' title='bbox 196 2435 334 2501; x_wconf 86' lang='lat' dir='ltr'>maxime</span> <span class='ocrx_word' id='word_1_161' title='bbox 368 2458 407 2501; x_wconf 88' lang='lat' dir='ltr'>eo</span> <span class='ocrx_word' id='word_1_162' title='bbox 440 2436 600 2522; x_wconf 90' lang='lat' dir='ltr'>impulsus</span> <span class='ocrx_word' id='word_1_163' title='bbox 633 2438 776 2516; x_wconf 87' lang='lat' dir='ltr'>videtur,</span> <span class='ocrx_word' id='word_1_164' title='bbox 813 2439 904 2521; x_wconf 89' lang='lat' dir='ltr'>quod</span> <span class='ocrx_word' id='word_1_165' title='bbox 932 2451 1057 2504; x_wconf 90' lang='lat' dir='ltr'>mature</span> <span class='ocrx_word' id='word_1_166' title='bbox 1089 2440 1219 2525; x_wconf 89' lang='lat' dir='ltr'>copiam</span> <span class='ocrx_word' id='word_1_167' title='bbox 1252 2437 1365 2504; x_wconf 89' lang='lat' dir='ltr'>habuit</span> 
     </span>
     <span class='ocr_line' id='line_1_21' title="bbox 196 2545 1362 2633; baseline 0.001 -22"><span class='ocrx_word' id='word_1_168' title='bbox 196 2545 379 2612; x_wconf 83' lang='lat' dir='ltr'>Germanos</span> <span class='ocrx_word' id='word_1_169' title='bbox 402 2568 442 2609; x_wconf 89' lang='lat' dir='ltr'>ox</span> <span class='ocrx_word' id='word_1_170' title='bbox 464 2546 651 2633; x_wconf 87' lang='lat' dir='ltr'>propinquo</span> <span class='ocrx_word' id='word_1_171' title='bbox 674 2548 905 2631; x_wconf 86' lang='lat' dir='ltr'>cognoscendi.</span> <span class='ocrx_word' id='word_1_172' title='bbox 957 2549 1042 2613; x_wconf 91' lang='lat' dir='ltr'>Nam</span> <span class='ocrx_word' id='word_1_173' title='bbox 1069 2572 1170 2632; x_wconf 93' lang='lat' dir='ltr'>quum</span> <span class='ocrx_word' id='word_1_174' title='bbox 1190 2548 1243 2613; x_wconf 86' lang='lat' dir='ltr'>vix</span> <span class='ocrx_word' id='word_1_175' title='bbox 1266 2547 1362 2612; x_wconf 91' lang='lat' dir='ltr'>dubi-</span> 
     </span>
     <span class='ocr_line' id='line_1_22' title="bbox 196 2654 1362 2744; baseline 0.004 -28"><span class='ocrx_word' id='word_1_176' title='bbox 196 2655 254 2718; x_wconf 89' lang='lat' dir='ltr'>tari</span> <span class='ocrx_word' id='word_1_177' title='bbox 281 2654 403 2741; x_wconf 89' lang='lat' dir='ltr'>possit,</span> <span class='ocrx_word' id='word_1_178' title='bbox 431 2654 508 2740; x_wconf 89' lang='lat' dir='ltr'>quin</span> <span class='ocrx_word' id='word_1_179' title='bbox 538 2656 610 2742; x_wconf 90' lang='lat' dir='ltr'>ipso</span> <span class='ocrx_word' id='word_1_180' title='bbox 632 2657 775 2741; x_wconf 92' lang='lat' dir='ltr'>aliquam</span> <span class='ocrx_word' id='word_1_181' title='bbox 797 2669 884 2721; x_wconf 91' lang='lat' dir='ltr'>certe</span> <span class='ocrx_word' id='word_1_182' title='bbox 905 2657 1101 2723; x_wconf 87' lang='lat' dir='ltr'>Germaniae</span> <span class='ocrx_word' id='word_1_183' title='bbox 1125 2669 1249 2744; x_wconf 87' lang='lat' dir='ltr'>partem</span> <span class='ocrx_word' id='word_1_184' title='bbox 1271 2657 1362 2722; x_wconf 88' lang='lat' dir='ltr'>vide·</span> 
     </span>
     <span class='ocr_line' id='line_1_23' title="bbox 194 2764 1362 2852; baseline 0.002 -24"><span class='ocrx_word' id='word_1_185' title='bbox 194 2764 252 2841; x_wconf 89' lang='lat' dir='ltr'>rit,</span> <span class='ocrx_word' id='word_1_186' title='bbox 284 2764 384 2829; x_wconf 90' lang='lat' dir='ltr'>multa</span> <span class='ocrx_word' id='word_1_187' title='bbox 417 2776 523 2829; x_wconf 87' lang='lat' dir='ltr'>autem</span> <span class='ocrx_word' id='word_1_188' title='bbox 557 2787 596 2831; x_wconf 86' lang='lat' dir='ltr'>ex</span> <span class='ocrx_word' id='word_1_189' title='bbox 628 2766 668 2829; x_wconf 91' lang='lat' dir='ltr'>iis</span> <span class='ocrx_word' id='word_1_190' title='bbox 700 2766 855 2843; x_wconf 88' lang='lat' dir='ltr'>audierit,</span> <span class='ocrx_word' id='word_1_191' title='bbox 889 2767 945 2852; x_wconf 90' lang='lat' dir='ltr'>qui</span> <span class='ocrx_word' id='word_1_192' title='bbox 967 2768 1122 2835; x_wconf 90' lang='lat' dir='ltr'>maiorem</span> <span class='ocrx_word' id='word_1_193' title='bbox 1145 2791 1241 2852; x_wconf 90' lang='lat' dir='ltr'>quam</span> <span class='ocrx_word' id='word_1_194' title='bbox 1264 2767 1362 2833; x_wconf 90' lang='lat' dir='ltr'>ceteri</span> 
     </span>
     <span class='ocr_line' id='line_1_24' title="bbox 194 2874 1361 2963; baseline 0.001 -24"><span class='ocrx_word' id='word_1_195' title='bbox 194 2874 333 2939; x_wconf 84' lang='lat' dir='ltr'>Romani</span> <span class='ocrx_word' id='word_1_196' title='bbox 355 2874 424 2939; x_wconf 87' lang='lat' dir='ltr'>eius</span> <span class='ocrx_word' id='word_1_197' title='bbox 447 2886 550 2941; x_wconf 89' lang='lat' dir='ltr'>terrae</span> <span class='ocrx_word' id='word_1_198' title='bbox 572 2875 720 2941; x_wconf 88' lang='lat' dir='ltr'>notitiam</span> <span class='ocrx_word' id='word_1_199' title='bbox 741 2876 908 2951; x_wconf 89' lang='lat' dir='ltr'>haberent,</span> <span class='ocrx_word' id='word_1_200' title='bbox 931 2877 1078 2963; x_wconf 81' lang='lat' dir='ltr'>proiecto</span> <span class='ocrx_word' id='word_1_201' title='bbox 1100 2878 1134 2941; x_wconf 94' lang='lat' dir='ltr'>id</span> <span class='ocrx_word' id='word_1_202' title='bbox 1160 2877 1274 2941; x_wconf 86' lang='lat' dir='ltr'>melius</span> <span class='ocrx_word' id='word_1_203' title='bbox 1292 2877 1361 2943; x_wconf 89' lang='lat' dir='ltr'>fieri</span> 
     </span>
     <span class='ocr_line' id='line_1_25' title="bbox 193 2983 1360 3073; baseline 0.002 -24"><span class='ocrx_word' id='word_1_204' title='bbox 193 3005 259 3049; x_wconf 93' lang='lat' dir='ltr'>non</span> <span class='ocrx_word' id='word_1_205' title='bbox 290 2983 414 3069; x_wconf 90' lang='lat' dir='ltr'>potuit,</span> <span class='ocrx_word' id='word_1_206' title='bbox 449 3007 547 3069; x_wconf 88' lang='lat' dir='ltr'>quam</span> <span class='ocrx_word' id='word_1_207' title='bbox 578 2984 605 3048; x_wconf 91' lang='lat' dir='ltr'>si</span> <span class='ocrx_word' id='word_1_208' title='bbox 634 2984 718 3049; x_wconf 86' lang='lat' dir='ltr'>filius</span> <span class='ocrx_word' id='word_1_209' title='bbox 749 2986 941 3051; x_wconf 82' lang='lat' dir='ltr'>adolescens</span> <span class='ocrx_word' id='word_1_210' title='bbox 964 2988 1053 3073; x_wconf 88' lang='lat' dir='ltr'>apud</span> <span class='ocrx_word' id='word_1_211' title='bbox 1075 3000 1198 3073; x_wconf 89' lang='lat' dir='ltr'>patrem</span> <span class='ocrx_word' id='word_1_212' title='bbox 1222 2999 1307 3053; x_wconf 90' lang='lat' dir='ltr'>esset</span> <span class='ocrx_word' id='word_1_213' title='bbox 1326 2987 1360 3051; x_wconf 90' lang='lat' dir='ltr'>in</span> 
     </span>
     <span class='ocr_line' id='line_1_26' title="bbox 194 3093 1361 3181; baseline 0.003 -24"><span class='ocrx_word' id='word_1_214' title='bbox 194 3093 335 3159; x_wconf 85' lang='lat' dir='ltr'>confinio</span> <span class='ocrx_word' id='word_1_215' title='bbox 367 3094 561 3159; x_wconf 87' lang='lat' dir='ltr'>Germaniae</span> <span class='ocrx_word' id='word_1_216' title='bbox 593 3116 653 3181; x_wconf 89' lang='lat' dir='ltr'>per</span> <span class='ocrx_word' id='word_1_217' title='bbox 686 3094 812 3179; x_wconf 89' lang='lat' dir='ltr'>aliquot</span> <span class='ocrx_word' id='word_1_218' title='bbox 843 3119 946 3161; x_wconf 90' lang='lat' dir='ltr'>annos</span> <span class='ocrx_word' id='word_1_219' title='bbox 975 3108 1124 3181; x_wconf 83' lang='lat' dir='ltr'>agentern</span> <span class='ocrx_word' id='word_1_220' title='bbox 1157 3119 1194 3162; x_wconf 88' lang='lat' dir='ltr'>ao</span> <span class='ocrx_word' id='word_1_221' title='bbox 1223 3097 1361 3161; x_wconf 83' lang='lat' dir='ltr'>fortasse</span> 
     </span>
     <span class='ocr_line' id='line_1_27' title="bbox 192 3202 1360 3290; baseline 0.005 -25"><span class='ocrx_word' id='word_1_222' title='bbox 192 3202 298 3288; x_wconf 89' lang='lat' dir='ltr'>ipsius</span> <span class='ocrx_word' id='word_1_223' title='bbox 347 3203 446 3268; x_wconf 84' lang='lat' dir='ltr'>officii</span> <span class='ocrx_word' id='word_1_224' title='bbox 492 3204 619 3270; x_wconf 90' lang='lat' dir='ltr'>ratione</span> <span class='ocrx_word' id='word_1_225' title='bbox 669 3206 864 3271; x_wconf 88' lang='lat' dir='ltr'>commercia</span> <span class='ocrx_word' id='word_1_226' title='bbox 912 3206 1021 3290; x_wconf 85' lang='lat' dir='ltr'>aliqua</span> <span class='ocrx_word' id='word_1_227' title='bbox 1067 3229 1139 3272; x_wconf 91' lang='lat' dir='ltr'>cum</span> <span class='ocrx_word' id='word_1_228' title='bbox 1187 3206 1360 3273; x_wconf 84' lang='lat' dir='ltr'>Germanis</span> 
     </span>
     <span class='ocr_line' id='line_1_28' title="bbox 193 3312 375 3379; baseline 0.005 -2"><span class='ocrx_word' id='word_1_229' title='bbox 193 3312 375 3379; x_wconf 88' lang='lat' dir='ltr'>habentem.</span> 
     </span>
    </p>

    <p class='ocr_par' dir='ltr' id='par_1_4' title="bbox 189 3422 1359 4277">
     <span class='ocr_line' id='line_1_29' title="bbox 277 3422 1359 3509; baseline 0 -20"><span class='ocrx_word' id='word_1_230' title='bbox 277 3422 426 3489; x_wconf 83' lang='lat' dir='ltr'>Tacitum</span> <span class='ocrx_word' id='word_1_231' title='bbox 451 3422 608 3508; x_wconf 88' lang='lat' dir='ltr'>pueritiae</span> <span class='ocrx_word' id='word_1_232' title='bbox 632 3437 784 3490; x_wconf 87' lang='lat' dir='ltr'>accurata</span> <span class='ocrx_word' id='word_1_233' title='bbox 809 3447 848 3489; x_wconf 90' lang='lat' dir='ltr'>ac</span> <span class='ocrx_word' id='word_1_234' title='bbox 870 3423 1018 3509; x_wconf 85' lang='lat' dir='ltr'>diligenti</span> <span class='ocrx_word' id='word_1_235' title='bbox 1040 3424 1242 3491; x_wconf 90' lang='lat' dir='ltr'>institutione</span> <span class='ocrx_word' id='word_1_236' title='bbox 1264 3448 1359 3490; x_wconf 88' lang='lat' dir='ltr'>usum</span> 
     </span>
     <span class='ocr_line' id='line_1_30' title="bbox 194 3530 1358 3622; baseline 0.007 -25"><span class='ocrx_word' id='word_1_237' title='bbox 194 3555 282 3611; x_wconf 84' lang='lat' dir='ltr'>esse,</span> <span class='ocrx_word' id='word_1_238' title='bbox 317 3530 535 3616; x_wconf 86' lang='lat' dir='ltr'>omnibusque</span> <span class='ocrx_word' id='word_1_239' title='bbox 560 3533 701 3601; x_wconf 89' lang='lat' dir='ltr'>liberalis</span> <span class='ocrx_word' id='word_1_240' title='bbox 731 3534 923 3622; x_wconf 86' lang='lat' dir='ltr'>disciplinae</span> <span class='ocrx_word' id='word_1_241' title='bbox 954 3534 1076 3599; x_wconf 86' lang='lat' dir='ltr'>artibus</span> <span class='ocrx_word' id='word_1_242' title='bbox 1103 3540 1144 3617; x_wconf 79' lang='lat' dir='ltr'>(v.</span> <span class='ocrx_word' id='word_1_243' title='bbox 1174 3535 1216 3600; x_wconf 88' lang='lat' dir='ltr'>ad</span> <span class='ocrx_word' id='word_1_244' title='bbox 1246 3536 1358 3622; x_wconf 85' lang='lat' dir='ltr'>Agric.</span> 
     </span>
     <span class='ocr_line' id='line_1_31' title="bbox 191 3640 1358 3731; baseline 0.002 -24"><span class='ocrx_word' id='word_1_245' title='bbox 191 3665 219 3709; x_wconf 87' lang='lat' dir='ltr'>c.</span> <span class='ocrx_word' id='word_1_246' title='bbox 238 3642 278 3719; x_wconf 82' lang='lat'>4,</span> <span class='ocrx_word' id='word_1_247' title='bbox 306 3644 350 3720; x_wconf 90' lang='grc'>3.)</span> <span class='ocrx_word' id='word_1_248' title='bbox 378 3640 553 3719; x_wconf 90' lang='lat' dir='ltr'>imbutum,</span> <span class='ocrx_word' id='word_1_249' title='bbox 583 3665 649 3707; x_wconf 91' lang='lat' dir='ltr'>non</span> <span class='ocrx_word' id='word_1_250' title='bbox 673 3643 821 3709; x_wconf 91' lang='lat' dir='ltr'>dubitare</span> <span class='ocrx_word' id='word_1_251' title='bbox 844 3646 921 3709; x_wconf 86' lang='lat' dir='ltr'>sinit</span> <span class='ocrx_word' id='word_1_252' title='bbox 942 3668 1086 3711; x_wconf 89' lang='lat' dir='ltr'>summus</span> <span class='ocrx_word' id='word_1_253' title='bbox 1107 3645 1231 3731; x_wconf 89' lang='lat' dir='ltr'>ingenii</span> <span class='ocrx_word' id='word_1_254' title='bbox 1253 3646 1358 3711; x_wconf 88' lang='lat' dir='ltr'>cultus</span> 
     </span>
     <span class='ocr_line' id='line_1_32' title="bbox 192 3751 1357 3839; baseline 0.004 -24"><span class='ocrx_word' id='word_1_255' title='bbox 192 3751 225 3816; x_wconf 94' lang='lat' dir='ltr'>in</span> <span class='ocrx_word' id='word_1_256' title='bbox 259 3752 413 3838; x_wconf 87' lang='lat' dir='ltr'>operibus</span> <span class='ocrx_word' id='word_1_257' title='bbox 444 3751 514 3816; x_wconf 90' lang='lat' dir='ltr'>eius</span> <span class='ocrx_word' id='word_1_258' title='bbox 547 3754 753 3839; x_wconf 88' lang='lat' dir='ltr'>conspicuus.</span> <span class='ocrx_word' id='word_1_259' title='bbox 804 3754 892 3818; x_wconf 88' lang='lat' dir='ltr'>Prae</span> <span class='ocrx_word' id='word_1_260' title='bbox 919 3756 1033 3820; x_wconf 90' lang='lat' dir='ltr'>ceteris</span> <span class='ocrx_word' id='word_1_261' title='bbox 1066 3767 1173 3821; x_wconf 89' lang='lat' dir='ltr'>tamen</span> <span class='ocrx_word' id='word_1_262' title='bbox 1202 3756 1357 3821; x_wconf 87' lang='lat' dir='ltr'>acerrimo</span> 
     </span>
     <span class='ocr_line' id='line_1_33' title="bbox 192 3860 1358 3951; baseline 0.005 -26"><span class='ocrx_word' id='word_1_263' title='bbox 192 3862 301 3928; x_wconf 86' lang='lat' dir='ltr'>studio</span> <span class='ocrx_word' id='word_1_264' title='bbox 334 3862 367 3927; x_wconf 94' lang='lat' dir='ltr'>in</span> <span class='ocrx_word' id='word_1_265' title='bbox 400 3860 616 3947; x_wconf 88' lang='lat' dir='ltr'>eloquentiam</span> <span class='ocrx_word' id='word_1_266' title='bbox 650 3862 798 3929; x_wconf 89' lang='lat' dir='ltr'>incubuit</span> <span class='ocrx_word' id='word_1_267' title='bbox 829 3864 883 3947; x_wconf 81' lang='lat' dir='ltr'>(ol.</span> <span class='ocrx_word' id='word_1_268' title='bbox 914 3864 1049 3951; x_wconf 84' lang='lat' dir='ltr'>Dialog.</span> <span class='ocrx_word' id='word_1_269' title='bbox 1076 3888 1102 3931; x_wconf 89' lang='lat' dir='ltr'>c.</span> <span class='ocrx_word' id='word_1_270' title='bbox 1136 3867 1171 3942; x_wconf 90' lang='lat'>1,</span> <span class='ocrx_word' id='word_1_271' title='bbox 1199 3867 1230 3930; x_wconf 84' lang='lat'>3.</span> <span class='ocrx_word' id='word_1_272' title='bbox 1266 3867 1301 3942; x_wconf 82' lang='lat'>2,</span> <span class='ocrx_word' id='word_1_273' title='bbox 1329 3867 1358 3931; x_wconf 91' lang='grc'>2.</span> 
     </span>
     <span class='ocr_line' id='line_1_34' title="bbox 192 3972 1356 4061; baseline 0.003 -26"><span class='ocrx_word' id='word_1_274' title='bbox 192 3972 221 4048; x_wconf 79' lang='lat'>7,</span> <span class='ocrx_word' id='word_1_275' title='bbox 244 3972 275 4047; x_wconf 89' lang='lat'>4,</span> <span class='ocrx_word' id='word_1_276' title='bbox 302 3972 400 4056; x_wconf 85' lang='lat' dir='ltr'>sqq),</span> <span class='ocrx_word' id='word_1_277' title='bbox 423 3994 506 4056; x_wconf 90' lang='lat' dir='ltr'>quae</span> <span class='ocrx_word' id='word_1_278' title='bbox 529 3972 624 4038; x_wconf 89' lang='lat' dir='ltr'>etiam</span> <span class='ocrx_word' id='word_1_279' title='bbox 647 3973 709 4037; x_wconf 89' lang='lat' dir='ltr'>illis</span> <span class='ocrx_word' id='word_1_280' title='bbox 732 3974 933 4060; x_wconf 86' lang='lat' dir='ltr'>temporibus</span> <span class='ocrx_word' id='word_1_281' title='bbox 956 3988 987 4040; x_wconf 90' lang='lat' dir='ltr'>et</span> <span class='ocrx_word' id='word_1_282' title='bbox 1005 3976 1127 4059; x_wconf 85' lang='lat' dir='ltr'>ingenii</span> <span class='ocrx_word' id='word_1_283' title='bbox 1143 3976 1262 4041; x_wconf 87' lang='lat' dir='ltr'>lamam</span> <span class='ocrx_word' id='word_1_284' title='bbox 1278 3998 1356 4061; x_wconf 81' lang='lat' dir='ltr'>con-</span> 
     </span>
     <span class='ocr_line' id='line_1_35' title="bbox 191 4082 1357 4171; baseline 0.004 -24"><span class='ocrx_word' id='word_1_285' title='bbox 191 4082 328 4159; x_wconf 88' lang='lat' dir='ltr'>ciliaret,</span> <span class='ocrx_word' id='word_1_286' title='bbox 359 4093 391 4147; x_wconf 93' lang='lat' dir='ltr'>et</span> <span class='ocrx_word' id='word_1_287' title='bbox 417 4082 539 4147; x_wconf 90' lang='lat' dir='ltr'>aditum</span> <span class='ocrx_word' id='word_1_288' title='bbox 560 4082 602 4147; x_wconf 90' lang='lat' dir='ltr'>ad</span> <span class='ocrx_word' id='word_1_289' title='bbox 623 4082 764 4149; x_wconf 90' lang='lat' dir='ltr'>honores</span> <span class='ocrx_word' id='word_1_290' title='bbox 787 4095 820 4149; x_wconf 90' lang='lat' dir='ltr'>et</span> <span class='ocrx_word' id='word_1_291' title='bbox 842 4085 1021 4171; x_wconf 91' lang='lat' dir='ltr'>potentiam</span> <span class='ocrx_word' id='word_1_292' title='bbox 1047 4098 1176 4171; x_wconf 86' lang='lat' dir='ltr'>pararet</span> <span class='ocrx_word' id='word_1_293' title='bbox 1197 4086 1250 4165; x_wconf 84' lang='lat' dir='ltr'>(ci.</span> <span class='ocrx_word' id='word_1_294' title='bbox 1271 4086 1357 4152; x_wconf 89' lang='lat' dir='ltr'>Dial.</span> 
     </span>
     <span class='ocr_line' id='line_1_36' title="bbox 189 4190 1356 4277; baseline 0.003 -20"><span class='ocrx_word' id='word_1_295' title='bbox 189 4214 215 4257; x_wconf 95' lang='lat' dir='ltr'>c.</span> <span class='ocrx_word' id='word_1_296' title='bbox 238 4191 302 4274; x_wconf 90' lang='grc'><strong>8.),</strong></span> <span class='ocrx_word' id='word_1_297' title='bbox 330 4190 484 4277; x_wconf 88' lang='lat' dir='ltr'>brevique</span> <span class='ocrx_word' id='word_1_298' title='bbox 506 4192 541 4257; x_wconf 93' lang='lat' dir='ltr'>id</span> <span class='ocrx_word' id='word_1_299' title='bbox 563 4205 758 4259; x_wconf 88' lang='lat' dir='ltr'>consecutus</span> <span class='ocrx_word' id='word_1_300' title='bbox 781 4207 844 4271; x_wconf 91' lang='lat' dir='ltr'>est,</span> <span class='ocrx_word' id='word_1_301' title='bbox 872 4208 908 4259; x_wconf 88' lang='lat' dir='ltr'>ut</span> <span class='ocrx_word' id='word_1_302' title='bbox 930 4196 1150 4262; x_wconf 84' lang='lat' dir='ltr'>disertissimis</span> <span class='ocrx_word' id='word_1_303' title='bbox 1174 4196 1356 4262; x_wconf 85' lang='lat' dir='ltr'>oratoribus</span> 
     </span>
    </p>
   </div>
   <div class='ocr_carea' id='block_1_3' title="bbox 189 4303 1357 4390">
    <p class='ocr_par' dir='ltr' id='par_1_5' title="bbox 189 4303 1357 4390">
     <span class='ocr_line' id='line_1_37' title="bbox 189 4303 1357 4390; baseline 0.003 -23"><span class='ocrx_word' id='word_1_304' title='bbox 189 4315 454 4367; x_wconf 82' lang='lat' dir='ltr'>annumeraretur</span> <span class='ocrx_word' id='word_1_305' title='bbox 476 4304 527 4384; x_wconf 81' lang='lat' dir='ltr'>(cl.</span> <span class='ocrx_word' id='word_1_306' title='bbox 549 4303 636 4371; x_wconf 87' lang='lat' dir='ltr'>Plin.</span> <span class='ocrx_word' id='word_1_307' title='bbox 652 4305 738 4390; x_wconf 86' lang='lat' dir='ltr'>Epp.</span> <span class='ocrx_word' id='word_1_308' title='bbox 754 4306 802 4382; x_wconf 88' lang='lat' dir='ltr'>H,</span> <span class='ocrx_word' id='word_1_309' title='bbox 826 4311 853 4381; x_wconf 95' lang='lat' dir='ltr'>l,</span> <span class='ocrx_word' id='word_1_310' title='bbox 876 4306 907 4368; x_wconf 85' lang='lat'>6.</span> <span class='ocrx_word' id='word_1_311' title='bbox 941 4307 988 4383; x_wconf 86' lang='lat'>11,</span> <span class='ocrx_word' id='word_1_312' title='bbox 1013 4308 1064 4385; x_wconf 86' lang='grc'>11,</span> <span class='ocrx_word' id='word_1_313' title='bbox 1088 4308 1135 4375; x_wconf 84' lang='grc'>17.</span> <span class='ocrx_word' id='word_1_314' title='bbox 1163 4308 1224 4385; x_wconf 86' lang='lat' dir='ltr'>IV,</span> <span class='ocrx_word' id='word_1_315' title='bbox 1238 4308 1290 4385; x_wconf 80' lang='lat'>13,</span> <span class='ocrx_word' id='word_1_316' title='bbox 1307 4309 1357 4373; x_wconf 81' lang='lat'>11.</span> 
     </span>
    </p>
   </div>
   <div class='ocr_carea' id='block_1_4' title="bbox 0 0 1538 4867">
    <p class='ocr_par' dir='ltr' id='par_1_6' title="bbox 0 0 1538 4867">
     <span class='ocr_line' id='line_1_38' title="bbox 0 0 1538 4867; baseline 0 5"><span class='ocrx_word' id='word_1_317' title='bbox 0 0 1538 4867; x_wconf 95' lang='lat' dir='ltr'> </span> 
     </span>
    </p>
   </div>
  </div>
 </body>
</html>
