3067 4867
223 388 265 481 x*
694 391 922 454 PRAEFATIO.

307 567 354 637 19.
378 567 450 634 cod.
473 569 505 636 V
525 599 569 623 =
592 569 772 636 Venetus.
806 569 962 656 Append.
984 568 1271 650 miscellaneorum,
1295 569 1389 638 Clas·

224 681 268 745 sis
291 676 387 747 XIV.
426 679 540 745 Nol.

305 789 354 854 20.
377 788 449 854 cod.
470 789 516 855 W
537 819 581 845 =
602 787 888 866 Vindobonensis‚
914 789 1137 856 Bibliothecae
1159 790 1340 858 Caesareae
1359 803 1393 858 et

222 900 356 986 Regiae,
380 899 457 966 olim
482 899 566 964 Hist.
588 899 670 986 prol.
691 900 753 965 No.
777 899 828 978 97,
852 921 938 965 nunc
959 901 1022 966 No
1044 900 1096 968 49.

307 1010 434 1077 Omnes
461 1010 493 1074 bi
521 1009 651 1075 codices
682 1033 722 1075 ex
747 1033 814 1074 uno
840 1010 1020 1095 eodemque
1048 1010 1197 1096 exemplo
1219 1011 1391 1090 fluxerunt,

221 1121 312 1207 quod
341 1121 472 1206 quidem
502 1119 637 1184 Enoch
664 1121 919 1197 Asculanus,
949 1143 968 1184 a
996 1119 1134 1186 Nicolao
1156 1120 1198 1190 V.
1227 1122 1391 1207 pontifice,
1410 1128 1427 1140 ”

220 1230 445 1298 Bibliothecae
468 1231 647 1299 Vaticanae
681 1231 868 1307 conditore,
900 1231 932 1295 in
957 1229 1098 1297 Galliam
1130 1241 1161 1295 et
1184 1231 1392 1298 Germaniam

220 1343 337 1406 missus
362 1341 658 1426 conquirendorum
681 1342 837 1407 librorum
863 1363 997 1419 caussa,
1025 1342 1060 1405 in
1083 1341 1258 1408 Germania
1278 1341 1391 1407 inven-

221 1464 289 1517 tum
309 1451 424 1516 retulit.
465 1455 578 1540 Neque
601 1464 718 1529 tamen,
742 1451 798 1539 qui
816 1462 989 1538 supersunt
1012 1451 1152 1529 codices,
1177 1473 1217 1516 cx
1238 1451 1313 1538 ipso
1335 1451 1390 1517 illo

221 1563 349 1626 Enochi
370 1561 452 1626 libro
477 1563 632 1648 descripti
655 1574 739 1639 sunt,
763 1563 822 1626 sed
845 1585 920 1627 mox
943 1561 1165 1648 compluribus
1188 1561 1391 1650 apographis

218 1672 327 1751 factis,
355 1695 396 1736 ex
420 1673 537 1760 quibus
561 1673 680 1737 deinde
701 1695 813 1737 rursus
840 1672 903 1736 alia
925 1673 1129 1750 ducerentur,
1152 1673 1296 1737 secundo
1319 1682 1390 1738 tan·

220 1796 287 1846 tum
309 1782 359 1847 vel
380 1784 474 1847 tertio
498 1783 703 1866 cognationis
734 1781 840 1868 gradu
872 1805 943 1847 oum
974 1783 1151 1870 archetypo
1175 1782 1389 1847 continentur.

218 1893 314 1958 Unus
332 1893 492 1979 excipitur
504 1893 645 1958 Pontani
662 1893 767 1958 codex
778 1893 963 1970 Leidensis,
980 1915 1084 1979 nuper
1097 1892 1226 1956 demum
1241 1897 1282 1972 (a.
1296 1895 1389 1972 1841)

220 2028 239 2066 a
258 2002 430 2068 Ludovico
447 2003 583 2068 Trossio
606 2003 640 2066 in
662 2003 766 2068 lucem
790 2011 982 2090 protractus.
1026 2003 1061 2067 ls
1084 2003 1167 2067 enim
1190 2001 1389 2067 aloriano

219 2113 428 2191 Pontano,
464 2113 547 2177 Italo
579 2113 787 2191 doctissimo,
822 2115 898 2196 (nat.
926 2136 954 2181 a.
983 2112 1079 2188 1426,
1107 2122 1199 2177 mort.
1233 2133 1260 2175 a.
1294 2112 1389 2192 1503)

221 2246 306 2288 anuo
331 2223 429 2298 1460,
455 2223 489 2286 id
511 2224 599 2308 quod
623 2224 752 2309 ipsein
776 2223 880 2310 prima
901 2222 975 2286 libri
997 2223 1121 2316 pagina
1146 2229 1296 2302 testatur,
1323 2245 1390 2288 non

220 2332 324 2397 solum
352 2331 466 2398 litteris
496 2333 622 2410 nitidis,
657 2332 846 2417 aequalibus
872 2353 909 2396 ac
937 2331 1119 2418 perspicuis
1145 2343 1295 2397 exaratus
1330 2343 1388 2410 est,

220 2441 393 2506 sedetiam
416 2454 505 2506 tanta
526 2442 730 2506 accuratione
751 2466 792 2506 ex
806 2441 934 2507 Enochi
957 2441 1106 2528 exemplo
1130 2441 1323 2529 descriptus,
1345 2453 1389 2522 ut,

220 2574 304 2639 quae
325 2552 493 2617 Pontanus
514 2553 548 2616 in
570 2551 752 2630 scribendo,
775 2564 812 2617 ut
833 2553 885 2630 lit,
908 2552 1020 2617 leviter
1041 2560 1227 2638 peccasset,
1257 2573 1296 2616 ea
1317 2555 1390 2640 ipse

221 2663 369 2738 delendo,
389 2663 519 2749 punctis
539 2661 694 2738 notando,
716 2661 863 2727 radendo
887 2663 1083 2740 emendaret,
1106 2683 1144 2728 ac
1166 2663 1298 2747 siquae
1321 2685 1388 2727 am·

219 2771 320 2857 bigua
341 2772 425 2837 lectu
445 2783 563 2848 essent,
587 2793 685 2858 supra
704 2795 827 2850 versus,
850 2771 962 2836 addita
991 2777 1005 2834 t
1037 2773 1103 2837 sive
1124 2775 1171 2837 vel
1190 2794 1279 2851 voce,
1302 2772 1387 2836 indi-

221 2891 317 2959 caret,
341 2905 407 2969 quo
429 2881 492 2946 alio
516 2881 613 2947 modo
636 2881 772 2948 dubium
792 2881 988 2947 vocabulum
1007 2883 1073 2967 legi
1096 2897 1194 2968 posse
1216 2882 1386 2951 videretur.

220 2996 272 3059 Ita
294 3016 358 3058 non
384 2991 551 3070 erraverit,
574 2991 630 3077 qui
651 2993 795 3058 Pontani
820 2992 967 3058 codicem
991 2995 1139 3078 proxime
1160 2993 1201 3056 ad
1224 2992 1386 3078 antiquio-

220 3126 287 3168 rem
316 3103 406 3167 illum
435 3100 579 3178 Enochi,
611 3101 668 3186 qui
695 3123 782 3167 nunc
810 3125 877 3168 non
909 3103 1048 3189 amplius
1077 3112 1201 3181 exstat,
1234 3103 1388 3168 accedere

220 3226 358 3280 censeat.
402 3213 536 3280 Summa
563 3211 663 3298 igitur
686 3214 755 3278 eius
778 3212 811 3276 in
841 3214 1068 3279 constituendo
1091 3223 1181 3277 textu
1204 3221 1253 3278 est
1274 3224 1386 3278 aucto·

219 3324 306 3402 ritas,
330 3345 527 3411 quamquam
549 3345 615 3386 non
637 3334 725 3387 caret
739 3323 834 3403 vitiis,
858 3345 939 3410 quae
955 3324 1019 3388 iam
1041 3324 1075 3387 in
1092 3324 1269 3411 archetypo
1285 3333 1386 3400 erant,

219 3435 306 3499 unde
337 3436 411 3520 ipse
439 3433 612 3498 Pontanus
645 3434 791 3520 queritur
823 3437 918 3512 ‚potia
946 3439 1142 3499 mendosum“
1173 3455 1253 3500 esse.
1302 3433 1386 3498 Nam

221 3552 349 3631 praeter
367 3566 422 3620 ea,
448 3565 531 3628 quae
555 3543 703 3609 omnibus
726 3544 794 3609 fere
815 3543 954 3609 librariis
978 3543 1143 3621 accidunt,
1171 3553 1206 3609 ut
1234 3543 1285 3609 vel
1307 3565 1385 3609 ocu-

219 3656 322 3721 lorum
352 3675 476 3731 errore,
504 3653 555 3717 vel
579 3654 767 3731 oscitantia,
795 3654 846 3718 vel
871 3654 1077 3740 ignoratione
1103 3677 1210 3719 rerum
1238 3664 1294 3720 aut
1314 3675 1385 3718 ver·

219 3764 352 3842 borum,
388 3764 440 3829 vel
469 3786 641 3851 perperam
669 3763 839 3830 intellectis
870 3764 1048 3849 scripturae
1078 3764 1281 3851 compendiis
1310 3764 1386 3828 vitia

220 3876 418 3942 committant
447 3875 521 3962 plus
551 3873 656 3938 minus
683 3875 809 3960 gravia,
838 3875 933 3940 etiam
958 3874 1019 3940 hoc
1045 3874 1221 3940 accessisse
1249 3875 1385 3952 videtur,

219 3997 255 4051 ut
284 3986 389 4050 codex
415 3985 566 4072 antiquus
594 3984 679 4049 male
705 3985 845 4070 scriptus
876 3996 961 4050 esset
991 3984 1221 4071 difficilemque
1252 3983 1386 4052 haberet

217 4095 397 4161 lectionem.
441 4095 523 4160 Inde
553 4094 638 4159 enim
666 4095 863 4181 repetendae
896 4093 1045 4160 videntur
1073 4094 1232 4181 plurimae
1263 4095 1384 4161 discre-

222 4207 352 4293 pantiae
375 4219 406 4269 et
428 4206 645 4271 aberrationes
667 4205 701 4268 in
724 4206 839 4269 ceteris
862 4205 1030 4271 codicibus
1055 4205 1180 4282 obviae,
1204 4229 1287 4291 quae
1309 4206 1385 4271 oriri

220 4339 284 4381 non
312 4315 509 4401 potuissent,
540 4316 583 4389 si,
615 4312 693 4398 quid
720 4314 752 4377 in
777 4315 952 4402 archetypo
979 4317 1134 4402 scriptum
1156 4327 1256 4394 esset,
1286 4315 1385 4403 plane

221 4427 388 4519 patuisset.
443 4425 511 4492 Sed
542 4423 655 4491 crebra
686 4425 746 4490 bac
780 4425 958 4518 scripturae
987 4427 1142 4513 antiquae
1174 4425 1385 4514 ambiguitate
