<?xml version="1.0" encoding="UTF-8"?>
<!DOCTYPE html PUBLIC "-//W3C//DTD XHTML 1.0 Transitional//EN"
    "http://www.w3.org/TR/xhtml1/DTD/xhtml1-transitional.dtd">
<html xmlns="http://www.w3.org/1999/xhtml" xml:lang="en" lang="en">
 <head>
  <title>
</title>
<meta http-equiv="Content-Type" content="text/html;charset=utf-8" />
  <meta name='ocr-system' content='tesseract 3.04.00' />
  <meta name='ocr-capabilities' content='ocr_page ocr_carea ocr_par ocr_line ocrx_word'/>
</head>
<body>
  <div class='ocr_page' id='page_1' title='image "./pcorneliitaciti00wexgoog/pcorneliitaciti00wexgoog_0016.png"; bbox 0 0 3067 4867; ppageno 0'>
   <div class='ocr_carea' id='block_1_1' title="bbox 174 304 887 371">
    <p class='ocr_par' dir='ltr' id='par_1_1' title="bbox 174 304 887 371">
     <span class='ocr_line' id='line_1_1' title="bbox 174 304 887 371; baseline -0.003 0"><span class='ocrx_word' id='word_1_1' title='bbox 174 308 236 371; x_wconf 80' lang='lat' dir='ltr'>XII</span> <span class='ocrx_word' id='word_1_2' title='bbox 656 304 887 369; x_wconf 73' lang='lat' dir='ltr'><strong>PRAEFATIO.</strong></span> 
     </span>
    </p>
   </div>
   <div class='ocr_carea' id='block_1_2' title="bbox 175 498 1351 2247">
    <p class='ocr_par' dir='ltr' id='par_1_2' title="bbox 175 498 1351 2247">
     <span class='ocr_line' id='line_1_2' title="bbox 176 498 1350 579; baseline -0.003 -10"><span class='ocrx_word' id='word_1_3' title='bbox 176 504 229 569; x_wconf 80' lang='lat' dir='ltr'>rel</span> <span class='ocrx_word' id='word_1_4' title='bbox 250 504 424 569; x_wconf 81' lang='lat' dir='ltr'>Puteolani</span> <span class='ocrx_word' id='word_1_5' title='bbox 444 504 514 579; x_wconf 81' lang='lat' dir='ltr'>¹rel</span> <span class='ocrx_word' id='word_1_6' title='bbox 532 504 668 569; x_wconf 87' lang='lat' dir='ltr'>aliorum</span> <span class='ocrx_word' id='word_1_7' title='bbox 695 502 946 576; x_wconf 83' lang='lat' dir='ltr'>inconsideratis</span> <span class='ocrx_word' id='word_1_8' title='bbox 968 498 1200 567; x_wconf 66' lang='lat' dir='ltr'><strong>mutationibus</strong></span> <span class='ocrx_word' id='word_1_9' title='bbox 1222 500 1350 566; x_wconf 83' lang='lat' dir='ltr'>invecta</span> 
     </span>
     <span class='ocr_line' id='line_1_3' title="bbox 177 612 1348 696; baseline -0.003 -17"><span class='ocrx_word' id='word_1_10' title='bbox 177 626 277 691; x_wconf 84' lang='lat' dir='ltr'>asset,</span> <span class='ocrx_word' id='word_1_11' title='bbox 297 615 339 679; x_wconf 90' lang='lat' dir='ltr'>ad</span> <span class='ocrx_word' id='word_1_12' title='bbox 362 614 512 679; x_wconf 85' lang='lat' dir='ltr'>codicum</span> <span class='ocrx_word' id='word_1_13' title='bbox 531 614 703 679; x_wconf 89' lang='lat' dir='ltr'>lectionem</span> <span class='ocrx_word' id='word_1_14' title='bbox 725 614 818 688; x_wconf 86' lang='lat' dir='ltr'>redii,</span> <span class='ocrx_word' id='word_1_15' title='bbox 841 635 908 677; x_wconf 93' lang='lat' dir='ltr'>non</span> <span class='ocrx_word' id='word_1_16' title='bbox 928 613 992 677; x_wconf 86' lang='lat' dir='ltr'>ieci</span> <span class='ocrx_word' id='word_1_17' title='bbox 1013 613 1122 688; x_wconf 86' lang='lat' dir='ltr'>tacite,</span> <span class='ocrx_word' id='word_1_18' title='bbox 1145 613 1204 677; x_wconf 89' lang='lat' dir='ltr'>sed</span> <span class='ocrx_word' id='word_1_19' title='bbox 1223 612 1348 696; x_wconf 89' lang='lat' dir='ltr'>ubique</span> 
     </span>
     <span class='ocr_line' id='line_1_4' title="bbox 177 722 1350 810; baseline -0.003 -22"><span class='ocrx_word' id='word_1_20' title='bbox 177 735 313 789; x_wconf 87' lang='lat' dir='ltr'>testatas</span> <span class='ocrx_word' id='word_1_21' title='bbox 350 746 422 789; x_wconf 87' lang='lat' dir='ltr'>sum</span> <span class='ocrx_word' id='word_1_22' title='bbox 451 724 628 810; x_wconf 82' lang='lat' dir='ltr'>repositam</span> <span class='ocrx_word' id='word_1_23' title='bbox 657 724 830 789; x_wconf 85' lang='lat' dir='ltr'>lectionem</span> <span class='ocrx_word' id='word_1_24' title='bbox 860 723 894 786; x_wconf 92' lang='lat' dir='ltr'>in</span> <span class='ocrx_word' id='word_1_25' title='bbox 920 723 1089 788; x_wconf 79' lang='lat' dir='ltr'>codicibus</span> <span class='ocrx_word' id='word_1_26' title='bbox 1116 733 1250 787; x_wconf 85' lang='lat' dir='ltr'>exstare.</span> <span class='ocrx_word' id='word_1_27' title='bbox 1298 722 1350 786; x_wconf 79' lang='lat' dir='ltr'>Ita</span> 
     </span>
     <span class='ocr_line' id='line_1_5' title="bbox 176 832 1350 919; baseline -0.001 -20"><span class='ocrx_word' id='word_1_28' title='bbox 176 832 352 901; x_wconf 81' lang='lat' dir='ltr'>lectoribus</span> <span class='ocrx_word' id='word_1_29' title='bbox 373 854 540 919; x_wconf 85' lang='lat' dir='ltr'>uunquam</span> <span class='ocrx_word' id='word_1_30' title='bbox 561 858 638 914; x_wconf 88' lang='lat' dir='ltr'>non,</span> <span class='ocrx_word' id='word_1_31' title='bbox 661 856 726 919; x_wconf 89' lang='lat' dir='ltr'>quo</span> <span class='ocrx_word' id='word_1_32' title='bbox 749 834 960 898; x_wconf 86' lang='lat' dir='ltr'>laudamento</span> <span class='ocrx_word' id='word_1_33' title='bbox 981 832 1158 917; x_wconf 79' lang='lat' dir='ltr'>Agricolae</span> <span class='ocrx_word' id='word_1_34' title='bbox 1178 832 1278 896; x_wconf 83' lang='lat' dir='ltr'>verba</span> <span class='ocrx_word' id='word_1_35' title='bbox 1298 832 1350 898; x_wconf 87' lang='lat' dir='ltr'>ni.-</span> 
     </span>
     <span class='ocr_line' id='line_1_6' title="bbox 175 942 1350 1031; baseline -0.003 -22"><span class='ocrx_word' id='word_1_36' title='bbox 175 956 301 1023; x_wconf 78' lang='lat' dir='ltr'>tantur,</span> <span class='ocrx_word' id='word_1_37' title='bbox 328 947 363 1010; x_wconf 92' lang='lat' dir='ltr'>in</span> <span class='ocrx_word' id='word_1_38' title='bbox 394 958 548 1031; x_wconf 90' lang='lat' dir='ltr'>promptu</span> <span class='ocrx_word' id='word_1_39' title='bbox 575 957 637 1023; x_wconf 91' lang='lat' dir='ltr'>est,</span> <span class='ocrx_word' id='word_1_40' title='bbox 664 966 788 1031; x_wconf 89' lang='lat' dir='ltr'>neque,</span> <span class='ocrx_word' id='word_1_41' title='bbox 820 944 910 1029; x_wconf 91' lang='lat' dir='ltr'>quod</span> <span class='ocrx_word' id='word_1_42' title='bbox 934 944 1010 1007; x_wconf 89' lang='lat' dir='ltr'>olim</span> <span class='ocrx_word' id='word_1_43' title='bbox 1033 964 1132 1029; x_wconf 89' lang='lat' dir='ltr'>saepe</span> <span class='ocrx_word' id='word_1_44' title='bbox 1156 942 1350 1007; x_wconf 88' lang='lat' dir='ltr'>molestissi-</span> 
     </span>
     <span class='ocr_line' id='line_1_7' title="bbox 175 1052 1349 1139; baseline -0.002 -21"><span class='ocrx_word' id='word_1_45' title='bbox 175 1078 265 1119; x_wconf 87' lang='lat' dir='ltr'>mum</span> <span class='ocrx_word' id='word_1_46' title='bbox 288 1066 370 1133; x_wconf 87' lang='lat' dir='ltr'>erat,</span> <span class='ocrx_word' id='word_1_47' title='bbox 394 1054 553 1121; x_wconf 84' lang='lat' dir='ltr'>dubitatio</span> <span class='ocrx_word' id='word_1_48' title='bbox 577 1055 698 1133; x_wconf 77' lang='lat' dir='ltr'>cellela,</span> <span class='ocrx_word' id='word_1_49' title='bbox 721 1067 829 1123; x_wconf 90' lang='lat' dir='ltr'>utrum</span> <span class='ocrx_word' id='word_1_50' title='bbox 852 1054 998 1119; x_wconf 90' lang='lat' dir='ltr'>inlibris</span> <span class='ocrx_word' id='word_1_51' title='bbox 1020 1076 1118 1117; x_wconf 89' lang='lat' dir='ltr'>manu</span> <span class='ocrx_word' id='word_1_52' title='bbox 1142 1052 1270 1139; x_wconf 85' lang='lat' dir='ltr'>scriptis</span> <span class='ocrx_word' id='word_1_53' title='bbox 1292 1074 1349 1117; x_wconf 91' lang='lat' dir='ltr'>ex-</span> 
     </span>
     <span class='ocr_line' id='line_1_8' title="bbox 178 1164 1349 1253; baseline -0.002 -24"><span class='ocrx_word' id='word_1_54' title='bbox 178 1176 240 1229; x_wconf 89' lang='lat' dir='ltr'>stet</span> <span class='ocrx_word' id='word_1_55' title='bbox 263 1176 396 1253; x_wconf 87' lang='lat' dir='ltr'>recepta</span> <span class='ocrx_word' id='word_1_56' title='bbox 417 1166 532 1246; x_wconf 89' lang='lat' dir='ltr'>lectio,</span> <span class='ocrx_word' id='word_1_57' title='bbox 561 1190 601 1231; x_wconf 90' lang='lat' dir='ltr'>an</span> <span class='ocrx_word' id='word_1_58' title='bbox 625 1167 785 1231; x_wconf 90' lang='lat' dir='ltr'>editorum</span> <span class='ocrx_word' id='word_1_59' title='bbox 807 1166 1012 1230; x_wconf 89' lang='lat' dir='ltr'>coniecturae</span> <span class='ocrx_word' id='word_1_60' title='bbox 1035 1164 1200 1229; x_wconf 84' lang='lat' dir='ltr'>debeatur.</span> <span class='ocrx_word' id='word_1_61' title='bbox 1244 1165 1349 1249; x_wconf 83' lang='lat' dir='ltr'>Egre-</span> 
     </span>
     <span class='ocr_line' id='line_1_9' title="bbox 178 1273 1348 1363; baseline -0.002 -25"><span class='ocrx_word' id='word_1_62' title='bbox 178 1276 266 1361; x_wconf 84' lang='lat' dir='ltr'>gium</span> <span class='ocrx_word' id='word_1_63' title='bbox 286 1276 321 1339; x_wconf 92' lang='lat' dir='ltr'>in</span> <span class='ocrx_word' id='word_1_64' title='bbox 341 1298 378 1340; x_wconf 91' lang='lat' dir='ltr'>ea</span> <span class='ocrx_word' id='word_1_65' title='bbox 401 1298 436 1341; x_wconf 91' lang='lat' dir='ltr'>re</span> <span class='ocrx_word' id='word_1_66' title='bbox 459 1298 590 1362; x_wconf 88' lang='lat' dir='ltr'>operam</span> <span class='ocrx_word' id='word_1_67' title='bbox 613 1278 775 1363; x_wconf 86' lang='lat' dir='ltr'>praestitit</span> <span class='ocrx_word' id='word_1_68' title='bbox 795 1276 950 1354; x_wconf 85' lang='lat' dir='ltr'>Wexius,</span> <span class='ocrx_word' id='word_1_69' title='bbox 979 1276 1071 1340; x_wconf 87' lang='lat' dir='ltr'>cuius</span> <span class='ocrx_word' id='word_1_70' title='bbox 1094 1274 1277 1338; x_wconf 74' lang='lat' dir='ltr'>indefessae</span> <span class='ocrx_word' id='word_1_71' title='bbox 1298 1273 1348 1337; x_wconf 92' lang='lat' dir='ltr'>in-</span> 
     </span>
     <span class='ocr_line' id='line_1_10' title="bbox 177 1385 1350 1472; baseline -0.002 -23"><span class='ocrx_word' id='word_1_72' title='bbox 177 1385 333 1463; x_wconf 85' lang='lat' dir='ltr'>dustriae,</span> <span class='ocrx_word' id='word_1_73' title='bbox 356 1408 495 1472; x_wconf 88' lang='lat' dir='ltr'>magnae</span> <span class='ocrx_word' id='word_1_74' title='bbox 519 1388 696 1465; x_wconf 87' lang='lat' dir='ltr'>doctrinae,</span> <span class='ocrx_word' id='word_1_75' title='bbox 718 1386 809 1452; x_wconf 90' lang='lat' dir='ltr'>haud</span> <span class='ocrx_word' id='word_1_76' title='bbox 829 1386 955 1468; x_wconf 81' lang='lat' dir='ltr'>vulgari</span> <span class='ocrx_word' id='word_1_77' title='bbox 978 1386 1150 1470; x_wconf 81' lang='lat' dir='ltr'>sagacitati</span> <span class='ocrx_word' id='word_1_78' title='bbox 1175 1385 1350 1472; x_wconf 86' lang='lat' dir='ltr'>plurimum</span> 
     </span>
     <span class='ocr_line' id='line_1_11' title="bbox 178 1496 1349 1583; baseline -0.002 -24"><span class='ocrx_word' id='word_1_79' title='bbox 178 1516 231 1560; x_wconf 81' lang='lat' dir='ltr'>roe</span> <span class='ocrx_word' id='word_1_80' title='bbox 259 1496 403 1575; x_wconf 86' lang='lat' dir='ltr'>debere,</span> <span class='ocrx_word' id='word_1_81' title='bbox 425 1497 618 1583; x_wconf 82' lang='lat' dir='ltr'>gratissimo·</span> <span class='ocrx_word' id='word_1_82' title='bbox 635 1498 742 1563; x_wconf 89' lang='lat' dir='ltr'>animo</span> <span class='ocrx_word' id='word_1_83' title='bbox 766 1498 820 1563; x_wconf 91' lang='lat' dir='ltr'>hic</span> <span class='ocrx_word' id='word_1_84' title='bbox 841 1498 1006 1583; x_wconf 84' lang='lat' dir='ltr'>profiteor.</span> <span class='ocrx_word' id='word_1_85' title='bbox 1051 1496 1144 1561; x_wconf 86' lang='lat' dir='ltr'>Idem</span> <span class='ocrx_word' id='word_1_86' title='bbox 1169 1497 1280 1561; x_wconf 87' lang='lat' dir='ltr'>dextre</span> <span class='ocrx_word' id='word_1_87' title='bbox 1300 1504 1349 1557; x_wconf 89' lang='lat' dir='ltr'>at-</span> 
     </span>
     <span class='ocr_line' id='line_1_12' title="bbox 176 1606 1349 1694; baseline 0 -26"><span class='ocrx_word' id='word_1_88' title='bbox 176 1627 243 1689; x_wconf 91' lang='lat' dir='ltr'>que</span> <span class='ocrx_word' id='word_1_89' title='bbox 274 1606 423 1691; x_wconf 86' lang='lat' dir='ltr'>gnaviter</span> <span class='ocrx_word' id='word_1_90' title='bbox 449 1608 586 1694; x_wconf 83' lang='lat' dir='ltr'>praeivit</span> <span class='ocrx_word' id='word_1_91' title='bbox 614 1608 647 1671; x_wconf 94' lang='lat' dir='ltr'>in</span> <span class='ocrx_word' id='word_1_92' title='bbox 674 1630 731 1686; x_wconf 89' lang='lat' dir='ltr'>eo,</span> <span class='ocrx_word' id='word_1_93' title='bbox 759 1618 794 1672; x_wconf 89' lang='lat' dir='ltr'>ut</span> <span class='ocrx_word' id='word_1_94' title='bbox 819 1608 968 1673; x_wconf 87' lang='lat' dir='ltr'>codicum</span> <span class='ocrx_word' id='word_1_95' title='bbox 997 1606 1189 1692; x_wconf 81' lang='lat' dir='ltr'>scripturam</span> <span class='ocrx_word' id='word_1_96' title='bbox 1213 1606 1269 1670; x_wconf 90' lang='lat' dir='ltr'>diu</span> <span class='ocrx_word' id='word_1_97' title='bbox 1290 1626 1349 1669; x_wconf 86' lang='lat' dir='ltr'>ne-</span> 
     </span>
     <span class='ocr_line' id='line_1_13' title="bbox 177 1714 1349 1803; baseline -0.002 -22"><span class='ocrx_word' id='word_1_98' title='bbox 177 1716 318 1801; x_wconf 84' lang='lat' dir='ltr'>glectam</span> <span class='ocrx_word' id='word_1_99' title='bbox 348 1730 446 1803; x_wconf 90' lang='lat' dir='ltr'>atque</span> <span class='ocrx_word' id='word_1_100' title='bbox 476 1719 683 1783; x_wconf 86' lang='lat' dir='ltr'>obscuratam</span> <span class='ocrx_word' id='word_1_101' title='bbox 711 1719 896 1794; x_wconf 81' lang='lat' dir='ltr'>reduceret3</span> <span class='ocrx_word' id='word_1_102' title='bbox 930 1716 988 1781; x_wconf 88' lang='lat' dir='ltr'>sed</span> <span class='ocrx_word' id='word_1_103' title='bbox 1012 1717 1105 1801; x_wconf 89' lang='lat' dir='ltr'>quod</span> <span class='ocrx_word' id='word_1_104' title='bbox 1125 1716 1204 1781; x_wconf 82' lang='lat' dir='ltr'>iecit</span> <span class='ocrx_word' id='word_1_105' title='bbox 1221 1714 1349 1801; x_wconf 88' lang='lat' dir='ltr'>saepis-</span> 
     </span>
     <span class='ocr_line' id='line_1_14' title="bbox 178 1824 1351 1915; baseline -0.003 -25"><span class='ocrx_word' id='word_1_106' title='bbox 178 1824 277 1904; x_wconf 79' lang='lat' dir='ltr'>sime,</span> <span class='ocrx_word' id='word_1_107' title='bbox 307 1824 343 1893; x_wconf 90' lang='lat' dir='ltr'>id</span> <span class='ocrx_word' id='word_1_108' title='bbox 371 1848 434 1913; x_wconf 78' lang='lat' dir='ltr'>ego</span> <span class='ocrx_word' id='word_1_109' title='bbox 464 1828 527 1894; x_wconf 87' lang='lat' dir='ltr'>ieci</span> <span class='ocrx_word' id='word_1_110' title='bbox 557 1829 657 1894; x_wconf 92' lang='lat' dir='ltr'>multo</span> <span class='ocrx_word' id='word_1_111' title='bbox 687 1829 819 1915; x_wconf 91' lang='lat' dir='ltr'>saepius</span> <span class='ocrx_word' id='word_1_112' title='bbox 848 1839 880 1893; x_wconf 90' lang='lat' dir='ltr'>et</span> <span class='ocrx_word' id='word_1_113' title='bbox 908 1828 1120 1892; x_wconf 88' lang='lat' dir='ltr'>constantius.</span> <span class='ocrx_word' id='word_1_114' title='bbox 1171 1826 1284 1907; x_wconf 80' lang='lat' dir='ltr'>Quare</span> <span class='ocrx_word' id='word_1_115' title='bbox 1314 1834 1351 1888; x_wconf 92' lang='lat' dir='ltr'>ut</span> 
     </span>
     <span class='ocr_line' id='line_1_15' title="bbox 177 1935 1348 2025; baseline -0.001 -25"><span class='ocrx_word' id='word_1_116' title='bbox 177 1955 244 2000; x_wconf 85' lang='lat' dir='ltr'>una</span> <span class='ocrx_word' id='word_1_117' title='bbox 278 1938 373 2021; x_wconf 89' lang='lat' dir='ltr'>quasi</span> <span class='ocrx_word' id='word_1_118' title='bbox 409 1951 590 2025; x_wconf 88' lang='lat' dir='ltr'>conspectu</span> <span class='ocrx_word' id='word_1_119' title='bbox 627 1951 756 2025; x_wconf 90' lang='lat' dir='ltr'>pateat,</span> <span class='ocrx_word' id='word_1_120' title='bbox 796 1939 915 2023; x_wconf 89' lang='lat' dir='ltr'>quibus</span> <span class='ocrx_word' id='word_1_121' title='bbox 949 1938 1030 2003; x_wconf 92' lang='lat' dir='ltr'>locis</span> <span class='ocrx_word' id='word_1_122' title='bbox 1063 1937 1159 2001; x_wconf 88' lang='lat' dir='ltr'>huius</span> <span class='ocrx_word' id='word_1_123' title='bbox 1196 1935 1348 2000; x_wconf 89' lang='lat' dir='ltr'>editionis</span> 
     </span>
     <span class='ocr_line' id='line_1_16' title="bbox 176 2047 1348 2134; baseline -0.001 -23"><span class='ocrx_word' id='word_1_124' title='bbox 176 2058 285 2111; x_wconf 85' lang='lat' dir='ltr'>textus</span> <span class='ocrx_word' id='word_1_125' title='bbox 308 2072 328 2112; x_wconf 90' lang='lat' dir='ltr'>a</span> <span class='ocrx_word' id='word_1_126' title='bbox 349 2048 461 2114; x_wconf 87' lang='lat' dir='ltr'>Wexii</span> <span class='ocrx_word' id='word_1_127' title='bbox 483 2050 673 2115; x_wconf 86' lang='lat' dir='ltr'>recensione</span> <span class='ocrx_word' id='word_1_128' title='bbox 695 2050 843 2127; x_wconf 88' lang='lat' dir='ltr'>differat,</span> <span class='ocrx_word' id='word_1_129' title='bbox 875 2069 1003 2114; x_wconf 90' lang='lat' dir='ltr'>omnem</span> <span class='ocrx_word' id='word_1_130' title='bbox 1025 2048 1205 2134; x_wconf 87' lang='lat' dir='ltr'>scripturae</span> <span class='ocrx_word' id='word_1_131' title='bbox 1227 2047 1348 2112; x_wconf 89' lang='lat' dir='ltr'>discre-</span> 
     </span>
     <span class='ocr_line' id='line_1_17' title="bbox 177 2157 788 2247; baseline 0.007 -26"><span class='ocrx_word' id='word_1_132' title='bbox 177 2157 325 2244; x_wconf 83' lang='lat' dir='ltr'>pantiam</span> <span class='ocrx_word' id='word_1_133' title='bbox 346 2158 380 2222; x_wconf 91' lang='lat' dir='ltr'>in</span> <span class='ocrx_word' id='word_1_134' title='bbox 401 2158 464 2225; x_wconf 88' lang='lat' dir='ltr'>hac</span> <span class='ocrx_word' id='word_1_135' title='bbox 485 2160 597 2225; x_wconf 89' lang='lat' dir='ltr'>tabula</span> <span class='ocrx_word' id='word_1_136' title='bbox 619 2160 788 2247; x_wconf 91' lang='lat' dir='ltr'>proposui.</span> 
     </span>
    </p>
   </div>
   <div class='ocr_carea' id='block_1_3' title="bbox 222 2397 1335 2479">
    <p class='ocr_par' dir='ltr' id='par_1_3' title="bbox 222 2397 1335 2479">
     <span class='ocr_line' id='line_1_18' title="bbox 222 2397 1335 2479; baseline -0.002 -16"><span class='ocrx_word' id='word_1_137' title='bbox 222 2400 329 2463; x_wconf 80' lang='lat' dir='ltr'>Huius</span> <span class='ocrx_word' id='word_1_138' title='bbox 351 2398 501 2462; x_wconf 82' lang='lat' dir='ltr'>editionis</span> <span class='ocrx_word' id='word_1_139' title='bbox 523 2403 690 2479; x_wconf 86' lang='lat' dir='ltr'>scriptura.</span> <span class='ocrx_word' id='word_1_140' title='bbox 798 2398 974 2463; x_wconf 83' lang='lat' dir='ltr'>Wexianae</span> <span class='ocrx_word' id='word_1_141' title='bbox 995 2397 1146 2459; x_wconf 88' lang='lat' dir='ltr'>editionis</span> <span class='ocrx_word' id='word_1_142' title='bbox 1168 2399 1335 2476; x_wconf 86' lang='lat' dir='ltr'>scriptura.</span> 
     </span>
    </p>
   </div>
   <div class='ocr_carea' id='block_1_4' title="bbox 175 2520 1355 4441">
    <p class='ocr_par' dir='ltr' id='par_1_4' title="bbox 176 2520 1352 2591">
     <span class='ocr_line' id='line_1_19' title="bbox 176 2520 1352 2591; baseline -0.002 -12"><span class='ocrx_word' id='word_1_143' title='bbox 176 2520 205 2591; x_wconf 88' lang='lat' dir='ltr'>I,</span> <span class='ocrx_word' id='word_1_144' title='bbox 224 2531 248 2581; x_wconf 83' lang='grc'>4.</span> <span class='ocrx_word' id='word_1_145' title='bbox 271 2525 446 2579; x_wconf 86' lang='lat' dir='ltr'>incusaturus</span> <span class='ocrx_word' id='word_1_146' title='bbox 469 2533 525 2579; x_wconf 88' lang='lat' dir='ltr'>tam</span> <span class='ocrx_word' id='word_1_147' title='bbox 549 2544 632 2580; x_wconf 89' lang='lat' dir='ltr'>saeve</span> <span class='ocrx_word' id='word_1_148' title='bbox 656 2534 684 2579; x_wconf 89' lang='lat' dir='ltr'>et</span> <span class='ocrx_word' id='word_1_149' title='bbox 701 2526 742 2579; x_wconf 90' lang='lat' dir='ltr'>in·</span> <span class='ocrx_word' id='word_1_150' title='bbox 784 2525 968 2579; x_wconf 88' lang='lat' dir='ltr'>incusaturus.</span> <span class='ocrx_word' id='word_1_151' title='bbox 1003 2522 1074 2576; x_wconf 81' lang='lat' dir='ltr'>Tam</span> <span class='ocrx_word' id='word_1_152' title='bbox 1096 2542 1181 2578; x_wconf 86' lang='lat' dir='ltr'>saeva</span> <span class='ocrx_word' id='word_1_153' title='bbox 1198 2533 1227 2579; x_wconf 88' lang='lat' dir='ltr'>et</span> <span class='ocrx_word' id='word_1_154' title='bbox 1247 2524 1352 2578; x_wconf 82' lang='lat' dir='ltr'>infesta</span> 
     </span>
    </p>

    <p class='ocr_par' dir='ltr' id='par_1_5' title="bbox 195 2602 1140 2675">
     <span class='ocr_line' id='line_1_20' title="bbox 195 2602 1140 2675; baseline -0.001 -20"><span class='ocrx_word' id='word_1_155' title='bbox 195 2620 209 2655; x_wconf 75' lang='grc'>.’</span> <span class='ocrx_word' id='word_1_156' title='bbox 229 2604 302 2659; x_wconf 74' lang='lat' dir='ltr'>desta</span> <span class='ocrx_word' id='word_1_157' title='bbox 319 2603 468 2657; x_wconf 81' lang='lat' dir='ltr'>virtutibus</span> <span class='ocrx_word' id='word_1_158' title='bbox 488 2610 621 2675; x_wconf 89' lang='lat' dir='ltr'>tempora.</span> <span class='ocrx_word' id='word_1_159' title='bbox 837 2602 985 2655; x_wconf 84' lang='lat' dir='ltr'>virtutibus</span> <span class='ocrx_word' id='word_1_160' title='bbox 1004 2610 1140 2671; x_wconf 88' lang='lat' dir='ltr'>tempora.</span> 
     </span>
    </p>

    <p class='ocr_par' dir='ltr' id='par_1_6' title="bbox 175 2677 1172 2752">
     <span class='ocr_line' id='line_1_21' title="bbox 175 2677 1172 2752; baseline -0.004 -17"><span class='ocrx_word' id='word_1_161' title='bbox 175 2681 225 2747; x_wconf 91' lang='lat' dir='ltr'>IV,</span> <span class='ocrx_word' id='word_1_162' title='bbox 245 2686 269 2750; x_wconf 74' lang='lat'>1.</span> <span class='ocrx_word' id='word_1_163' title='bbox 288 2688 500 2752; x_wconf 87' lang='lat' dir='ltr'>procuratorem</span> <span class='ocrx_word' id='word_1_164' title='bbox 520 2680 646 2735; x_wconf 86' lang='lat' dir='ltr'>Caesaris</span> <span class='ocrx_word' id='word_1_165' title='bbox 784 2689 994 2751; x_wconf 90' lang='lat' dir='ltr'>procuratorem</span> <span class='ocrx_word' id='word_1_166' title='bbox 1016 2677 1172 2732; x_wconf 80' lang='lat' dir='ltr'>Caesarum.</span> 
     </span>
    </p>

    <p class='ocr_par' dir='ltr' id='par_1_7' title="bbox 177 2756 1248 2829">
     <span class='ocr_line' id='line_1_22' title="bbox 177 2756 1248 2829; baseline -0.004 -16"><span class='ocrx_word' id='word_1_167' title='bbox 177 2758 227 2827; x_wconf 88' lang='lat' dir='ltr'>IV,</span> <span class='ocrx_word' id='word_1_168' title='bbox 247 2764 270 2815; x_wconf 93' lang='lat' dir='ltr'>l.</span> <span class='ocrx_word' id='word_1_169' title='bbox 294 2776 366 2829; x_wconf 86' lang='lat' dir='ltr'>quae</span> <span class='ocrx_word' id='word_1_170' title='bbox 386 2758 521 2829; x_wconf 87' lang='lat' dir='ltr'>equestris</span> <span class='ocrx_word' id='word_1_171' title='bbox 540 2758 670 2812; x_wconf 86' lang='lat' dir='ltr'>nobilitas</span> <span class='ocrx_word' id='word_1_172' title='bbox 690 2767 740 2813; x_wconf 85' lang='lat' dir='ltr'>est.</span> <span class='ocrx_word' id='word_1_173' title='bbox 787 2759 872 2827; x_wconf 89' lang='lat' dir='ltr'>[quae</span> <span class='ocrx_word' id='word_1_174' title='bbox 891 2757 1028 2827; x_wconf 88' lang='lat' dir='ltr'>equestris</span> <span class='ocrx_word' id='word_1_175' title='bbox 1046 2756 1175 2810; x_wconf 82' lang='lat' dir='ltr'>nobilitas</span> <span class='ocrx_word' id='word_1_176' title='bbox 1196 2757 1248 2823; x_wconf 88' lang='lat' dir='ltr'>est]</span> 
     </span>
    </p>

    <p class='ocr_par' dir='ltr' id='par_1_8' title="bbox 175 2834 1153 2907">
     <span class='ocr_line' id='line_1_23' title="bbox 175 2834 1153 2907; baseline -0.003 -17"><span class='ocrx_word' id='word_1_177' title='bbox 175 2836 224 2903; x_wconf 92' lang='lat' dir='ltr'>IV,</span> <span class='ocrx_word' id='word_1_178' title='bbox 243 2842 268 2892; x_wconf 87' lang='grc'>2.</span> <span class='ocrx_word' id='word_1_179' title='bbox 288 2844 368 2907; x_wconf 88' lang='lat' dir='ltr'>pater</span> <span class='ocrx_word' id='word_1_180' title='bbox 386 2836 439 2889; x_wconf 88' lang='lat' dir='ltr'>fuit</span> <span class='ocrx_word' id='word_1_181' title='bbox 455 2836 542 2889; x_wconf 87' lang='lat' dir='ltr'>Iulius</span> <span class='ocrx_word' id='word_1_182' title='bbox 561 2835 715 2891; x_wconf 83' lang='lat' dir='ltr'>Graecinus</span> <span class='ocrx_word' id='word_1_183' title='bbox 785 2846 867 2905; x_wconf 91' lang='lat' dir='ltr'>pater</span> <span class='ocrx_word' id='word_1_184' title='bbox 883 2834 971 2888; x_wconf 87' lang='lat' dir='ltr'>Iulius</span> <span class='ocrx_word' id='word_1_185' title='bbox 989 2835 1153 2889; x_wconf 89' lang='lat' dir='ltr'>Graecinus.</span> 
     </span>
    </p>

    <p class='ocr_par' dir='ltr' id='par_1_9' title="bbox 175 2910 1043 2985">
     <span class='ocr_line' id='line_1_24' title="bbox 175 2910 1043 2985; baseline -0.002 -18"><span class='ocrx_word' id='word_1_186' title='bbox 175 2914 210 2983; x_wconf 88' lang='lat' dir='ltr'>V,</span> <span class='ocrx_word' id='word_1_187' title='bbox 227 2920 253 2971; x_wconf 85' lang='lat'>2.</span> <span class='ocrx_word' id='word_1_188' title='bbox 272 2931 365 2985; x_wconf 84' lang='lat' dir='ltr'>neque</span> <span class='ocrx_word' id='word_1_189' title='bbox 385 2913 508 2985; x_wconf 85' lang='lat' dir='ltr'>seguiter</span> <span class='ocrx_word' id='word_1_190' title='bbox 787 2914 891 2981; x_wconf 90' lang='lat' dir='ltr'>[neque</span> <span class='ocrx_word' id='word_1_191' title='bbox 908 2910 1043 2981; x_wconf 84' lang='lat' dir='ltr'>segniter]</span> 
     </span>
    </p>

    <p class='ocr_par' dir='ltr' id='par_1_10' title="bbox 176 2988 968 3059">
     <span class='ocr_line' id='line_1_25' title="bbox 176 2988 968 3059; baseline 0.003 -18"><span class='ocrx_word' id='word_1_192' title='bbox 176 2990 210 3059; x_wconf 86' lang='lat' dir='ltr'>V,</span> <span class='ocrx_word' id='word_1_193' title='bbox 228 2996 252 3046; x_wconf 87' lang='lat'>3.</span> <span class='ocrx_word' id='word_1_194' title='bbox 272 2989 419 3045; x_wconf 84' lang='lat' dir='ltr'>excitatior</span> <span class='ocrx_word' id='word_1_195' title='bbox 787 2988 968 3043; x_wconf 84' lang='lat' dir='ltr'>exercitatior</span> 
     </span>
    </p>

    <p class='ocr_par' dir='ltr' id='par_1_11' title="bbox 176 3064 934 3137">
     <span class='ocr_line' id='line_1_26' title="bbox 176 3064 934 3137; baseline -0.003 -18"><span class='ocrx_word' id='word_1_196' title='bbox 176 3064 212 3133; x_wconf 81' lang='lat' dir='ltr'>V,</span> <span class='ocrx_word' id='word_1_197' title='bbox 232 3073 256 3123; x_wconf 88' lang='lat'>3.</span> <span class='ocrx_word' id='word_1_198' title='bbox 277 3066 421 3137; x_wconf 77' lang='lat' dir='ltr'>interrepti</span> <span class='ocrx_word' id='word_1_199' title='bbox 674 3074 677 3081; x_wconf 82' lang='grc'><strong>’</strong></span> <span class='ocrx_word' id='word_1_200' title='bbox 786 3066 934 3135; x_wconf 88' lang='lat' dir='ltr'>intercepti</span> 
     </span>
    </p>

    <p class='ocr_par' dir='ltr' id='par_1_12' title="bbox 176 3141 1144 3216">
     <span class='ocr_line' id='line_1_27' title="bbox 176 3141 1144 3216; baseline -0.005 -17"><span class='ocrx_word' id='word_1_201' title='bbox 176 3146 232 3213; x_wconf 91' lang='lat' dir='ltr'>IX,</span> <span class='ocrx_word' id='word_1_202' title='bbox 251 3150 275 3201; x_wconf 87' lang='lat'>3.</span> <span class='ocrx_word' id='word_1_203' title='bbox 297 3153 325 3199; x_wconf 91' lang='lat' dir='ltr'>et</span> <span class='ocrx_word' id='word_1_204' title='bbox 343 3146 453 3216; x_wconf 87' lang='lat' dir='ltr'>saepius</span> <span class='ocrx_word' id='word_1_205' title='bbox 470 3144 627 3199; x_wconf 88' lang='lat' dir='ltr'>misericors</span> <span class='ocrx_word' id='word_1_206' title='bbox 789 3146 828 3213; x_wconf 88' lang='lat' dir='ltr'>[et</span> <span class='ocrx_word' id='word_1_207' title='bbox 845 3142 956 3213; x_wconf 87' lang='lat' dir='ltr'>saepias</span> <span class='ocrx_word' id='word_1_208' title='bbox 975 3141 1144 3207; x_wconf 86' lang='lat' dir='ltr'>misericors]</span> 
     </span>
    </p>

    <p class='ocr_par' dir='ltr' id='par_1_13' title="bbox 175 3218 1353 3364">
     <span class='ocr_line' id='line_1_28' title="bbox 175 3218 1353 3293; baseline -0.008 -16"><span class='ocrx_word' id='word_1_209' title='bbox 175 3223 232 3289; x_wconf 93' lang='lat' dir='ltr'>IX,</span> <span class='ocrx_word' id='word_1_210' title='bbox 252 3228 277 3278; x_wconf 82' lang='lat'>4.</span> <span class='ocrx_word' id='word_1_211' title='bbox 295 3222 448 3277; x_wconf 88' lang='lat' dir='ltr'>Tristitiam</span> <span class='ocrx_word' id='word_1_212' title='bbox 468 3231 496 3277; x_wconf 88' lang='lat' dir='ltr'>et</span> <span class='ocrx_word' id='word_1_213' title='bbox 514 3221 701 3293; x_wconf 85' lang='lat' dir='ltr'>arrogantiam</span> <span class='ocrx_word' id='word_1_214' title='bbox 716 3230 744 3276; x_wconf 88' lang='lat' dir='ltr'>et</span> <span class='ocrx_word' id='word_1_215' title='bbox 789 3220 949 3291; x_wconf 84' lang='lat' dir='ltr'>[Tristitiam</span> <span class='ocrx_word' id='word_1_216' title='bbox 976 3230 1004 3275; x_wconf 87' lang='lat' dir='ltr'>et</span> <span class='ocrx_word' id='word_1_217' title='bbox 1028 3218 1216 3289; x_wconf 87' lang='lat' dir='ltr'>arrogantiam</span> <span class='ocrx_word' id='word_1_218' title='bbox 1242 3222 1271 3271; x_wconf 83' lang='lat' dir='ltr'>et</span> <span class='ocrx_word' id='word_1_219' title='bbox 1288 3232 1353 3269; x_wconf 87' lang='lat' dir='ltr'>ava·</span> 
     </span>
     <span class='ocr_line' id='line_1_29' title="bbox 228 3298 1075 3364; baseline -0.002 -11"><span class='ocrx_word' id='word_1_220' title='bbox 228 3298 372 3354; x_wconf 89' lang='lat' dir='ltr'>avaritiam</span> <span class='ocrx_word' id='word_1_221' title='bbox 390 3308 507 3355; x_wconf 86' lang='lat' dir='ltr'>exuerat</span> <span class='ocrx_word' id='word_1_222' title='bbox 838 3298 930 3352; x_wconf 87' lang='lat' dir='ltr'>ritiam</span> <span class='ocrx_word' id='word_1_223' title='bbox 948 3298 1075 3364; x_wconf 87' lang='lat' dir='ltr'>exuerat]</span> 
     </span>
    </p>

    <p class='ocr_par' dir='ltr' id='par_1_14' title="bbox 175 3377 932 3447">
     <span class='ocr_line' id='line_1_30' title="bbox 175 3377 932 3447; baseline -0.001 -16"><span class='ocrx_word' id='word_1_224' title='bbox 175 3378 220 3442; x_wconf 83' lang='lat' dir='ltr'>X,</span> <span class='ocrx_word' id='word_1_225' title='bbox 239 3382 265 3433; x_wconf 77' lang='lat'>3.</span> <span class='ocrx_word' id='word_1_226' title='bbox 283 3379 358 3431; x_wconf 85' lang='lat' dir='ltr'>ferna</span> <span class='ocrx_word' id='word_1_227' title='bbox 375 3385 418 3432; x_wconf 88' lang='lat' dir='ltr'>eat</span> <span class='ocrx_word' id='word_1_228' title='bbox 433 3377 615 3447; x_wconf 83' lang='lat' dir='ltr'>transgressis</span> <span class='ocrx_word' id='word_1_229' title='bbox 787 3378 861 3431; x_wconf 85' lang='lat' dir='ltr'>fama</span> <span class='ocrx_word' id='word_1_230' title='bbox 881 3386 932 3430; x_wconf 89' lang='lat' dir='ltr'>est.</span> 
     </span>
    </p>

    <p class='ocr_par' dir='ltr' id='par_1_15' title="bbox 175 3456 1002 3525">
     <span class='ocr_line' id='line_1_31' title="bbox 175 3456 1002 3525; baseline -0.005 -16"><span class='ocrx_word' id='word_1_231' title='bbox 175 3456 220 3520; x_wconf 90' lang='lat' dir='ltr'>X,</span> <span class='ocrx_word' id='word_1_232' title='bbox 239 3462 264 3511; x_wconf 80' lang='lat'>5.</span> <span class='ocrx_word' id='word_1_233' title='bbox 283 3456 348 3525; x_wconf 89' lang='lat' dir='ltr'>quia</span> <span class='ocrx_word' id='word_1_234' title='bbox 365 3458 501 3510; x_wconf 82' lang='lat' dir='ltr'>haetenus</span> <span class='ocrx_word' id='word_1_235' title='bbox 785 3456 838 3508; x_wconf 89' lang='lat' dir='ltr'>sed</span> <span class='ocrx_word' id='word_1_236' title='bbox 856 3456 1002 3507; x_wconf 88' lang='lat' dir='ltr'>hactenus.</span> 
     </span>
    </p>

    <p class='ocr_par' dir='ltr' id='par_1_16' title="bbox 175 3530 1006 3603">
     <span class='ocr_line' id='line_1_32' title="bbox 175 3530 1006 3603; baseline -0.006 -16"><span class='ocrx_word' id='word_1_237' title='bbox 175 3532 219 3597; x_wconf 89' lang='lat' dir='ltr'>X,</span> <span class='ocrx_word' id='word_1_238' title='bbox 238 3538 263 3589; x_wconf 82' lang='lat' dir='ltr'>t.</span> <span class='ocrx_word' id='word_1_239' title='bbox 282 3535 332 3587; x_wconf 88' lang='lat' dir='ltr'>sed</span> <span class='ocrx_word' id='word_1_240' title='bbox 350 3550 426 3587; x_wconf 90' lang='lat' dir='ltr'>mare</span> <span class='ocrx_word' id='word_1_241' title='bbox 444 3532 555 3603; x_wconf 87' lang='lat' dir='ltr'>pigrum</span> <span class='ocrx_word' id='word_1_242' title='bbox 747 3534 750 3539; x_wconf 82' lang='lat'>&#39;</span> <span class='ocrx_word' id='word_1_243' title='bbox 787 3532 868 3585; x_wconf 90' lang='lat' dir='ltr'>Mare</span> <span class='ocrx_word' id='word_1_244' title='bbox 887 3530 1006 3602; x_wconf 76' lang='lat' dir='ltr'>pigrum&#39;</span> 
     </span>
    </p>

    <p class='ocr_par' dir='ltr' id='par_1_17' title="bbox 175 3602 1162 3681">
     <span class='ocr_line' id='line_1_33' title="bbox 175 3602 1162 3681; baseline -0.008 -17"><span class='ocrx_word' id='word_1_245' title='bbox 175 3609 219 3679; x_wconf 87' lang='lat' dir='ltr'>X,</span> <span class='ocrx_word' id='word_1_246' title='bbox 238 3614 261 3666; x_wconf 81' lang='lat'>5.</span> <span class='ocrx_word' id='word_1_247' title='bbox 280 3609 497 3681; x_wconf 83' lang='lat' dir='ltr'>remigantibus3</span> <span class='ocrx_word' id='word_1_248' title='bbox 517 3609 669 3681; x_wconf 88' lang='lat' dir='ltr'>perhibent</span> <span class='ocrx_word' id='word_1_249' title='bbox 692 3670 694 3675; x_wconf 56' lang='grc'>,</span> <span class='ocrx_word' id='word_1_250' title='bbox 785 3608 986 3676; x_wconf 86' lang='lat' dir='ltr'>remigantibus</span> <span class='ocrx_word' id='word_1_251' title='bbox 1004 3602 1162 3677; x_wconf 75' lang='lat' dir='ltr'>perbibent</span> 
     </span>
    </p>

    <p class='ocr_par' dir='ltr' id='par_1_18' title="bbox 175 3686 906 3759">
     <span class='ocr_line' id='line_1_34' title="bbox 175 3686 906 3759; baseline -0.007 -15"><span class='ocrx_word' id='word_1_252' title='bbox 175 3688 219 3753; x_wconf 88' lang='lat' dir='ltr'>X,</span> <span class='ocrx_word' id='word_1_253' title='bbox 237 3694 262 3745; x_wconf 83' lang='lat'>5.</span> <span class='ocrx_word' id='word_1_254' title='bbox 282 3690 401 3759; x_wconf 78' lang='lat' dir='ltr'>proinde</span> <span class='ocrx_word' id='word_1_255' title='bbox 787 3686 906 3757; x_wconf 85' lang='lat' dir='ltr'>perinde</span> 
     </span>
    </p>

    <p class='ocr_par' dir='ltr' id='par_1_19' title="bbox 175 3761 976 3830">
     <span class='ocr_line' id='line_1_35' title="bbox 175 3761 976 3830; baseline -0.007 -11"><span class='ocrx_word' id='word_1_256' title='bbox 175 3766 233 3830; x_wconf 89' lang='lat' dir='ltr'>XI,</span> <span class='ocrx_word' id='word_1_257' title='bbox 252 3771 276 3821; x_wconf 82' lang='lat' dir='ltr'>t.</span> <span class='ocrx_word' id='word_1_258' title='bbox 296 3764 485 3821; x_wconf 84' lang='lat' dir='ltr'>detrectandis</span> <span class='ocrx_word' id='word_1_259' title='bbox 789 3761 976 3818; x_wconf 84' lang='lat' dir='ltr'>detrectandis</span> 
     </span>
    </p>

    <p class='ocr_par' dir='ltr' id='par_1_20' title="bbox 176 3833 1237 3914">
     <span class='ocr_line' id='line_1_36' title="bbox 176 3833 1237 3914; baseline -0.009 -16"><span class='ocrx_word' id='word_1_260' title='bbox 176 3838 249 3907; x_wconf 85' lang='lat' dir='ltr'>XII,</span> <span class='ocrx_word' id='word_1_261' title='bbox 268 3849 294 3897; x_wconf 82' lang='lat'>5.</span> <span class='ocrx_word' id='word_1_262' title='bbox 313 3843 421 3914; x_wconf 89' lang='lat' dir='ltr'>patiens</span> <span class='ocrx_word' id='word_1_263' title='bbox 440 3834 566 3913; x_wconf 87' lang='lat' dir='ltr'>frugum,</span> <span class='ocrx_word' id='word_1_264' title='bbox 584 3842 744 3896; x_wconf 84' lang='lat' dir='ltr'>fecundum.</span> <span class='ocrx_word' id='word_1_265' title='bbox 788 3838 899 3912; x_wconf 89' lang='lat' dir='ltr'>patiens</span> <span class='ocrx_word' id='word_1_266' title='bbox 917 3840 1044 3909; x_wconf 79' lang='lat' dir='ltr'>frugum3</span> <span class='ocrx_word' id='word_1_267' title='bbox 1066 3833 1237 3906; x_wconf 84' lang='lat' dir='ltr'>[fecundum]</span> 
     </span>
    </p>

    <p class='ocr_par' dir='ltr' id='par_1_21' title="bbox 175 3918 963 3992">
     <span class='ocr_line' id='line_1_37' title="bbox 175 3918 963 3992; baseline -0.006 -17"><span class='ocrx_word' id='word_1_268' title='bbox 175 3920 263 3986; x_wconf 87' lang='lat' dir='ltr'>XIII,</span> <span class='ocrx_word' id='word_1_269' title='bbox 280 3926 307 3977; x_wconf 83' lang='lat' dir='ltr'>t.</span> <span class='ocrx_word' id='word_1_270' title='bbox 324 3920 515 3992; x_wconf 80' lang='lat' dir='ltr'>poenitentiae</span> <span class='ocrx_word' id='word_1_271' title='bbox 787 3918 963 3991; x_wconf 73' lang='lat' dir='ltr'>poenitenda</span> 
     </span>
    </p>

    <p class='ocr_par' dir='ltr' id='par_1_22' title="bbox 176 3988 1355 4144">
     <span class='ocr_line' id='line_1_38' title="bbox 176 3988 1355 4063; baseline -0.007 -12"><span class='ocrx_word' id='word_1_272' title='bbox 176 3998 241 4063; x_wconf 86' lang='lat' dir='ltr'>XV,</span> <span class='ocrx_word' id='word_1_273' title='bbox 259 4002 284 4055; x_wconf 85' lang='grc'>2.</span> <span class='ocrx_word' id='word_1_274' title='bbox 310 4000 424 4054; x_wconf 88' lang='lat' dir='ltr'>alterius</span> <span class='ocrx_word' id='word_1_275' title='bbox 449 4016 575 4061; x_wconf 88' lang='lat' dir='ltr'>manum,</span> <span class='ocrx_word' id='word_1_276' title='bbox 604 3996 744 4053; x_wconf 87' lang='lat' dir='ltr'>centurio·</span> <span class='ocrx_word' id='word_1_277' title='bbox 788 3996 903 4051; x_wconf 90' lang='lat' dir='ltr'>alterius</span> <span class='ocrx_word' id='word_1_278' title='bbox 929 4012 1055 4059; x_wconf 88' lang='lat' dir='ltr'>manum,</span> <span class='ocrx_word' id='word_1_279' title='bbox 1081 3990 1258 4047; x_wconf 85' lang='lat' dir='ltr'>centuriones</span> <span class='ocrx_word' id='word_1_280' title='bbox 1286 3988 1355 4043; x_wconf 88' lang='lat' dir='ltr'>alte·</span> 
     </span>
     <span class='ocr_line' id='line_1_39' title="bbox 231 4072 972 4144; baseline -0.005 -15"><span class='ocrx_word' id='word_1_281' title='bbox 231 4093 297 4144; x_wconf 87' lang='lat' dir='ltr'>nes,</span> <span class='ocrx_word' id='word_1_282' title='bbox 317 4076 431 4131; x_wconf 85' lang='lat' dir='ltr'>alterius</span> <span class='ocrx_word' id='word_1_283' title='bbox 451 4094 545 4131; x_wconf 80' lang='lat' dir='ltr'>servor</span> <span class='ocrx_word' id='word_1_284' title='bbox 564 4074 619 4129; x_wconf 87' lang='lat' dir='ltr'>vim</span> <span class='ocrx_word' id='word_1_285' title='bbox 840 4073 898 4127; x_wconf 91' lang='lat' dir='ltr'>rius</span> <span class='ocrx_word' id='word_1_286' title='bbox 916 4072 972 4126; x_wconf 86' lang='lat' dir='ltr'>vim</span> 
     </span>
    </p>

    <p class='ocr_par' dir='ltr' id='par_1_23' title="bbox 176 4151 1018 4225">
     <span class='ocr_line' id='line_1_40' title="bbox 176 4151 1018 4225; baseline -0.006 -18"><span class='ocrx_word' id='word_1_287' title='bbox 176 4153 261 4218; x_wconf 85' lang='lat' dir='ltr'>XVI,</span> <span class='ocrx_word' id='word_1_288' title='bbox 280 4158 304 4209; x_wconf 89' lang='grc'>2.</span> <span class='ocrx_word' id='word_1_289' title='bbox 324 4170 374 4222; x_wconf 87' lang='lat' dir='ltr'>ns,</span> <span class='ocrx_word' id='word_1_290' title='bbox 395 4170 562 4225; x_wconf 87' lang='lat' dir='ltr'>quamquam</span> <span class='ocrx_word' id='word_1_291' title='bbox 787 4151 831 4216; x_wconf 88' lang='lat' dir='ltr'>ni,</span> <span class='ocrx_word' id='word_1_292' title='bbox 850 4167 1018 4222; x_wconf 86' lang='lat' dir='ltr'>quamquam</span> 
     </span>
    </p>

    <p class='ocr_par' dir='ltr' id='par_1_24' title="bbox 177 4224 1141 4297">
     <span class='ocr_line' id='line_1_41' title="bbox 177 4224 1141 4297; baseline -0.005 -14"><span class='ocrx_word' id='word_1_293' title='bbox 177 4231 263 4297; x_wconf 79' lang='lat' dir='ltr'>XVI,</span> <span class='ocrx_word' id='word_1_294' title='bbox 281 4236 305 4288; x_wconf 84' lang='lat'>3.</span> <span class='ocrx_word' id='word_1_295' title='bbox 323 4231 504 4287; x_wconf 85' lang='lat' dir='ltr'>exorabilior.</span> <span class='ocrx_word' id='word_1_296' title='bbox 541 4232 577 4285; x_wconf 84' lang='lat' dir='ltr'>Et</span> <span class='ocrx_word' id='word_1_297' title='bbox 596 4228 705 4283; x_wconf 89' lang='lat' dir='ltr'>delictis</span> <span class='ocrx_word' id='word_1_298' title='bbox 787 4228 958 4285; x_wconf 87' lang='lat' dir='ltr'>exorabilior</span> <span class='ocrx_word' id='word_1_299' title='bbox 976 4237 1005 4281; x_wconf 90' lang='lat' dir='ltr'>et</span> <span class='ocrx_word' id='word_1_300' title='bbox 1022 4224 1141 4281; x_wconf 88' lang='lat' dir='ltr'>delictis.</span> 
     </span>
    </p>

    <p class='ocr_par' dir='ltr' id='par_1_25' title="bbox 177 4301 1276 4441">
     <span class='ocr_line' id='line_1_42' title="bbox 177 4301 1276 4381; baseline -0.003 -20"><span class='ocrx_word' id='word_1_301' title='bbox 177 4305 263 4374; x_wconf 92' lang='lat' dir='ltr'>XVI,</span> <span class='ocrx_word' id='word_1_302' title='bbox 282 4315 306 4364; x_wconf 86' lang='grc'>4.</span> <span class='ocrx_word' id='word_1_303' title='bbox 331 4310 475 4381; x_wconf 86' lang='lat' dir='ltr'>ignoscere</span> <span class='ocrx_word' id='word_1_304' title='bbox 501 4308 575 4362; x_wconf 85' lang='lat' dir='ltr'>vitiis</span> <span class='ocrx_word' id='word_1_305' title='bbox 598 4308 746 4365; x_wconf 87' lang='lat' dir='ltr'>blandien-</span> <span class='ocrx_word' id='word_1_306' title='bbox 788 4308 953 4379; x_wconf 89' lang='lat' dir='ltr'>ignoscere,</span> <span class='ocrx_word' id='word_1_307' title='bbox 968 4303 1042 4358; x_wconf 89' lang='lat' dir='ltr'>vitiis</span> <span class='ocrx_word' id='word_1_308' title='bbox 1061 4301 1276 4358; x_wconf 87' lang='lat' dir='ltr'>blandientibus.</span> 
     </span>
     <span class='ocr_line' id='line_1_43' title="bbox 231 4384 308 4441; baseline -0.013 0"><span class='ocrx_word' id='word_1_309' title='bbox 231 4384 308 4441; x_wconf 85' lang='lat' dir='ltr'>tibus</span> 
     </span>
    </p>
   </div>
   <div class='ocr_carea' id='block_1_5' title="bbox 0 0 1538 4867">
    <p class='ocr_par' dir='ltr' id='par_1_26' title="bbox 0 0 1538 4867">
     <span class='ocr_line' id='line_1_44' title="bbox 0 0 1538 4867; baseline 0 0"><span class='ocrx_word' id='word_1_310' title='bbox 0 0 1538 4867; x_wconf 95' lang='lat' dir='ltr'> </span> 
     </span>
    </p>
   </div>
  </div>
 </body>
</html>
