3067 4867
131 400 133 407 ¹
196 415 199 419 >
286 382 337 437 DE
357 381 491 437 TAOITI
511 381 554 443 Iu
571 379 788 437 SCRIBENDA
807 377 1010 435 GERMANIA
1031 377 1219 433 CONSILIO.
1320 379 1341 444 9

171 553 355 618 Romanum
388 574 423 617 se
456 551 643 628 ostendere,
680 551 868 637 patriaeque
901 571 979 616 suae
1013 550 1135 635 gloria,
1172 548 1341 635 dignitate,

173 663 321 750 potentia
338 663 383 728 ita
399 662 552 748 gaudere,
572 673 608 727 ut
622 662 788 727 Romanos
809 649 963 727 omnibns
975 660 1107 747 populis
1127 660 1226 745 longe
1246 681 1341 745 prae·

171 774 253 839 ierat
280 795 387 859 neque
411 773 468 837 ulli
493 773 584 859 genti
613 772 753 859 priorem
780 773 889 838 locum
919 771 1098 848 concedat3
1131 770 1169 836 ef.
1192 792 1217 835 c.
1238 771 1290 848 30,
1313 771 1349 838 2..

177 885 323 968 Quadam
343 886 547 962 rarissimam,
569 907 637 949 nec
657 887 739 948 nisi
759 885 960 950 Romanae
982 882 1226 967 disciplinae
1248 905 1342 947 con-

173 1019 340 1073 cessum,
363 995 439 1080 plns
465 1016 610 1079 reponere
634 997 668 1059 in
690 999 765 1059 daec
787 1017 880 1077 qaam
908 997 941 1059 in
966 996 1107 1060 accercito.
1157 993 1207 1056 Eo
1234 991 1342 1055 animo

173 1126 274 1189 quum
296 1115 394 1181 esset,
414 1104 670 1191 gravissimeque
689 1104 813 1169 doleret
833 1102 977 1168 cladibus
1001 1114 1097 1188 atque
1119 1101 1342 1181 incommodis,

175 1214 293 1299 quibus
314 1215 453 1280 Romani
472 1215 605 1302 saepius
626 1237 647 1278 a
661 1214 833 1281 Germanis
855 1213 960 1278 affecti
984 1226 1089 1293 erant,
1110 1235 1215 1299 neque
1238 1213 1345 1299 potuit

175 1347 232 1391 eos
258 1348 382 1402 amare,
413 1347 519 1411 neque
546 1325 673 1391 amavit
722 1327 778 1390 An
808 1325 960 1411 cuiquam
989 1347 1131 1390 amorem
1160 1323 1344 1411 prodidisse

175 1435 317 1512 videtur,
350 1457 449 1521 quum
475 1435 540 1501 hoc
561 1435 720 1520 periberet
748 1457 775 1502 c.
795 1436 850 1512 23,
873 1437 902 1501 2.
952 1438 990 1503 St
1017 1436 1180 1501 incaene
1209 1437 1346 1500 ebrietati

176 1551 370 1634 uaqqerendo,
393 1559 541 1631 quantum
561 1549 792 1632 concupiscunt,
810 1548 896 1612 haud
917 1549 1016 1611 minus
1030 1547 1128 1632 facilc
1149 1547 1230 1610 uitiis
1252 1567 1345 1628 quam

175 1660 272 1722 armis
291 1657 472 1722 vincentur?
514 1657 620 1738 att,
644 1659 671 1722 1.
702 1658 808 1722 Raris
830 1659 992 1722 Bructeris
1014 1691 1055 1702 —
1077 1659 1190 1742 facore
1212 1659 1344 1740 quadarn

175 1791 250 1854 crya
277 1791 333 1832 nos
365 1771 509 1848 deoram5
539 1793 614 1833 nam
641 1791 679 1832 ne
709 1768 879 1854 spectaculo
910 1769 1032 1851 quiden
1056 1767 1172 1852 proelii
1203 1768 1344 1832 incidere.

176 1878 278 1963 Super
305 1881 465 1964 eramenta
492 1880 579 1945 milia
605 1904 667 1946 non
694 1881 791 1944 armis
817 1879 941 1962 telisque
969 1879 1135 1956 Romanu,
1168 1880 1233 1955 scd,
1264 1879 1347 1961 quod

175 1990 416 2075 magnificentius
452 2002 513 2067 cst,
548 1989 740 2054 oblectationi
774 1990 925 2073 oculisque
960 1990 1137 2054 ceciderunt.
1202 1988 1345 2066 Maneat,

177 2121 299 2182 quaem,
320 2102 466 2183 duretque
484 2103 623 2187 yantas
645 2103 674 2164 si
693 2123 755 2166 non
777 2123 865 2164 anaor
884 2100 992 2178 nostri,
1014 2111 1047 2164 at
1068 2111 1145 2164 certe
1167 2099 1270 2162 catum
1288 2099 1345 2175 sui,

177 2212 300 2292 qnando
327 2211 361 2274 in
388 2213 565 2296 urgentibus
597 2211 721 2296 armeni
742 2212 825 2297 satis
855 2211 932 2276 citit
962 2211 1025 2274 mm
1049 2209 1214 2296 praestare
1245 2211 1346 2273 mans

178 2321 319 2384 Fortuna
341 2331 458 2408 potest,
487 2343 582 2404 qaam
601 2323 733 2386 hostiam
754 2323 950 2386 discordium.
1002 2319 1211 2404 Quamquam
1239 2317 1346 2384 autem

178 2429 331 2516 opinatae
353 2429 575 2496 admirationis
599 2430 784 2518 amorisque
810 2451 916 2515 neque
942 2429 1114 2514 vestigium
1136 2440 1257 2509 exstat,
1288 2450 1347 2494 ne·-

178 2561 242 2627 que
262 2539 337 2604 ulla
351 2541 421 2604 eius
442 2563 559 2606 caussa
579 2541 711 2627 reperiri
732 2549 855 2628 potest,
878 2551 986 2606 tamen
1001 2541 1081 2605 mira
1096 2563 1162 2605 non
1177 2540 1347 2604 defuerunt

177 2651 324 2745 ingenia,
348 2651 405 2736 qui
426 2671 498 2717 eam
519 2651 597 2716 inde
617 2660 819 2738 repeterent,
845 2651 934 2736 qu'od
957 2651 1093 2718 Tacitus
1120 2651 1346 2738 praesagiente

179 2763 287 2828 animo
310 2774 487 2848 auguratus
509 2761 551 2827 sit
570 2761 753 2828 Germanos
775 2783 832 2826 eos
855 2783 938 2839 esse,
962 2761 1114 2847 aquibus
1136 2762 1346 2828 iuturotem-

179 2895 259 2958 pore
280 2895 384 2938 novus
407 2873 501 2958 plane
522 2875 617 2961 isque
643 2872 758 2937 melior
781 2872 914 2936 humani
936 2873 1064 2958 generis
1092 2883 1195 2938 status
1220 2872 1347 2938 initium

179 2994 318 3070 caperet
360 2983 428 3049 Res
450 3006 510 3071 per
537 3006 572 3049 se
593 3005 660 3048 non
680 2983 782 3060 ialsa;
813 2983 872 3048 sod
894 3005 964 3049 eam
987 3006 1006 3048 a
1028 2982 1145 3048 Tacito
1167 2983 1349 3070 praevisam

180 3105 213 3158 et
238 3092 272 3159 in
293 3094 471 3160 Germania
492 3094 706 3180 significatam
728 3117 802 3159 esse
827 3117 950 3159 merum
972 3095 1133 3159 somnium
1160 3104 1208 3160 est
1236 3103 1269 3160 et
1295 3095 1346 3157 in-

180 3203 273 3289 signe
302 3204 550 3282 documentum,
582 3205 625 3269 ad
654 3227 738 3290 quas
769 3203 984 3270 absurditates
1013 3205 1094 3269 ferat
1124 3227 1210 3290 vaga
1241 3225 1348 3290 neque

179 3315 308 3380 ratione
325 3315 467 3382 coercita
487 3315 689 3401 imaginandi
710 3314 841 3381 licentia
862 3315 1113 3400 alucinendique
1135 3315 1347 3382 consuetudo.

264 3426 340 3492 Non
362 3426 519 3492 maiorem
540 3427 706 3491 veritatem
734 3424 833 3490 habet
862 3427 1171 3504 commentantis,
1201 3427 1257 3513 qui
1281 3427 1348 3491 Ta-

181 3535 279 3601 citum
301 3546 417 3624 putant
441 3559 482 3602 eo
509 3536 647 3603 consilio
673 3536 820 3602 libellum
847 3537 888 3602 de
910 3529 1086 3604 Germania
1113 3537 1348 3624 composuisse,

182 3656 217 3711 nt
241 3647 377 3733 integris
400 3648 635 3715 Germanorum
655 3646 799 3714 moribus
823 3647 994 3734 descriptis
1019 3659 1174 3734 tanquam
1195 3650 1351 3734 speculum

179 3760 344 3824 Mnestatt's
367 3773 571 3844 proponeret,
598 3759 690 3844 quod
712 3758 876 3824 intuentes
897 3758 1037 3825 Romani
1065 3769 1098 3825 et
1124 3758 1165 3824 ds
1191 3780 1251 3824 sua
1276 3780 1348 3825 eor·

180 3868 331 3954 mptione
349 3879 448 3957 atque
464 3869 694 3956 depravatione
711 3869 972 3948 admonerentur,
988 3882 1019 3935 et
1034 3871 1077 3934 ad
1092 3867 1210 3935 bonam
1224 3870 1350 3956 frugem

181 4001 217 4044 se
233 3979 415 4066 reciperent
431 3980 577 4067 vitiaque
596 3979 780 4046 communia
798 3990 960 4047 exuerent.
1004 3979 1106 4063 Quod
1124 3980 1152 4044 si
1171 3991 1350 4068 spectasset

182 4089 332 4169 Tacitus,
365 4090 587 4178 ineptissimus
616 4090 714 4155 homo
745 4101 843 4176 atque
877 4090 1084 4156 stultissimus
1103 4090 1240 4187 ¹fuisset.
1294 4095 1350 4158 An
1427 4104 1429 4108 ’

182 4223 249 4267 non
275 4201 422 4288 ineptum
445 4202 541 4267 tterit
571 4200 605 4266 in
629 4200 686 4266 tali
709 4201 846 4267 consilio
876 4203 917 4266 de
943 4213 1045 4266 terrae
1071 4213 1201 4278 natura,
1232 4202 1274 4268 de
1298 4203 1349 4266 in·
1435 4216 1437 4221 ’

182 4311 326 4377 colunum
358 4313 501 4398 origine,
534 4312 576 4378 de
608 4313 755 4397 gentium
787 4311 918 4378 sedibus
952 4312 1088 4397 aliisque
1121 4311 1189 4376 eius
1222 4312 1350 4397 generis
1386 4306 1389 4311 ’

181 4422 280 4488 rebus
300 4436 366 4488 tam
388 4423 513 4510 prolixe
535 4424 712 4510 disputare,
734 4435 772 4488 ut
793 4423 827 4487 in
848 4421 1163 4492 'Germania-iactum
1185 4421 1351 4487 videmus?
