3067 4867
933 213 1050 314 stiffi
1067 215 1112 265 tt,
1179 272 1199 311 s

506 374 721 429 crunnum
758 186 1264 541 cvahRS}
1289 377 1331 443 53

956 426 1160 521 clarebunt

163 554 200 611 ut
221 544 380 633 picturam
407 568 446 612 ac
466 546 661 612 lineamenta
681 546 861 613 colorum
852 546 907 611 nni
909 543 1000 611 te‘tur.
1030 533 1164 613 Πιιι
1192 557 1225 612 et
1253 548 1330 614 sub·

163 668 328 723 terraneos
354 678 472 743 specus
496 656 636 743 aperire,
665 678 788 743 eosque
810 657 910 721 multo
933 657 1066 743 insuper
1087 658 1166 723 fimo
1186 664 1330 737 onerant,

139 767 340 853 tsnffugium
366 766 464 831 hiemi
492 777 525 832 et
548 768 790 854 receptaculum
812 767 978 853 frugibus,
1011 767 1087 853 quia
1110 770 1252 855 rigorem
1275 768 1330 833 fri·

162 900 278 963 gorum
302 860 462 941 eiusmodi
489 877 569 943 locis
597 878 761 956 molliunt,
792 890 824 943 et
850 880 878 941 si
904 879 1033 965 quando
1060 878 1163 943 hostis
1178 878 1330 957 advenit,

162 998 274 1073 aperta
295 988 481 1074 populatur,
504 986 616 1052 abdita
637 1001 743 1053 autem
766 1000 800 1054 et
821 989 950 1081 delesse
972 971 1027 1054 aut
1047 991 1253 1075 ignorantur,
1276 1000 1332 1053 aut

162 1120 204 1163 co
224 1098 298 1183 ipso
320 1097 448 1175 fallunt,
472 1097 561 1181 quod
583 1099 769 1184 quaerenda
791 1110 873 1165 sunt.

244 1207 360 1273 XVII.
405 1208 577 1294 Tegumen
598 1208 753 1279 „omnibus
787 1232 902 1295 sagum
933 1208 1033 1275 fibula
1065 1220 1138 1287 aut,
1171 1211 1199 1275 si
1232 1209 1330 1289 desit,

162 1318 259 1405 spina
279 1328 474 1383 consertum.
519 1317 637 1383 Cetera
657 1320 770 1383 intecti
792 1330 878 1385 totos
900 1320 969 1385 dies
991 1320 1082 1385 iuxta
1103 1320 1211 1386 focum
1233 1331 1330 1405 atque

137 1428 270 1513 aignan
292 1439 402 1513 agunt.
437 1428 705 1513 Locupletiseimi
719 1439 809 1493 veste
826 1430 1077 1516 distinguuntur,
1092 1454 1158 1497 non
1173 1430 1329 1509 fluitante,

161 1629 308 1685 uadum
330 1632 476 1684 domorum
495 1638 595 1699 partas
623 1630 724 1701 (einige
767 1648 791 1685 c.
812 1637 852 1697 17,
865 1638 889 1687 2.
922 1633 1029 1688 Garamt
1046 1643 1071 1688 ct
1088 1637 1217 1698 ferorum
1230 1634 1330 1703 peiles.

160 1708 288 1773 Rima),
307 1710 383 1761 baud
401 1707 487 1761 dubis
505 1725 562 1771 eas,
580 1726 653 1779 quac
672 1727 723 1778 pro
767 1708 897 1763 Ceterum
918 1728 943 1765 v.
962 1712 1073 1777 Proleg.
1094 1730 1122 1783 p.
1142 1718 1166 1767 7.

160 1786 286 1839 cubiculo
307 1793 416 1852 essent3
441 1784 481 1837 ita
501 1784 574 1838 enim
594 1783 724 1839 coniicias
759 1834 767 1850 ,
801 1788 923 1856 aperire]
951 1788 969 1843 i.
994 1806 1018 1842 e.
1035 1791 1160 1859 fodere;
1189 1790 1224 1845 cs.
1251 1788 1329 1859 Virg.

161 1881 197 1917 ex
225 1879 275 1925 eo,
304 1864 381 1933 quod
409 1861 603 1916 antecedentia
633 1863 724 1931 „citra
766 1863 870 1932 Georg.
886 1863 936 1929 ΙΙΙ,
949 1870 1007 1921 376.
1035 1867 1099 1933 Ipsi
1117 1867 1153 1919 iu
1171 1868 1330 1934 desorata

160 1940 279 2009 specim
297 1948 347 1993 aut
366 1939 596 1993 ιίιείιιειιιιίοιιιιικί
619 1942 655 1993 de
674 1957 722 1993 ex·
765 1942 932 2009 specubus
962 1960 1062 1997 namra
1090 1943 1139 1997 aab
1168 1944 1230 1997 uita
1262 1944 1330 1997 Otia

161 2026 242 2071 terna
260 2016 448 2071 aedificiorum
463 2017 552 2070 forma
566 2018 723 2072 dictasunt.
766 2026 853 2085 ayunt
871 2026 954 2072 terra.

194 2102 272 2148 terra
290 2095 333 2148 ita
346 2095 434 2164 pura]
455 2095 497 2146 Ea
518 2102 594 2147 terra
614 2096 722 2160 albane,
800 2095 923 2164 imsuper]
945 2097 1085 2150 Incertum
1106 2104 1159 2163 eet,
1184 2107 1275 2152 uuum
1294 2098 1330 2153 sit

160 2189 196 2225 an
220 2170 346 2236 rubrica,
374 2188 410 2223 an
432 2170 535 2225 silacea
559 2171 659 2236 fuerit,
686 2189 722 2225 an
766 2170 821 2225 loci
841 2172 1017 2241 potestatui.
1037 2191 1064 2249 q.
1083 2192 1185 2243 supra,
1211 2194 1230 2229 a
1244 2183 1330 2245 purte

160 2247 228 2317 alia,
247 2265 328 2302 nemo
350 2247 461 2301 dixerit.
764 2249 922 2317 sarperiorc,
949 2259 979 2305 ut
1001 2244 1075 2320 apud
1095 2254 1173 2306 Caes.
1190 2254 1223 2307 B.
1244 2256 1273 2306 c.
1293 2253 1328 2320 ΙΙ,

192 2334 224 2379 ut
242 2326 446 2395 pit-turam—
471 2324 602 2393 imitetur]
630 2325 722 2379 Locus
765 2331 791 2391 9,
807 2330 831 2381 3.
859 2325 1018 2381 Cautouas
1006 2344 1153 2397 iusuper
1169 2328 1329 2393 iniecerunt,

161 2403 306 2462 obscurior
329 2401 371 2455 sic
395 2401 504 2469 videtur
530 2401 721 2471 explicandus.
765 2420 800 2456 an
819 2403 953 2457 translato
972 2422 1054 2457 sensu
1068 2405 1159 2458 valcat
1171 2414 1330 2475 praeterea,

160 2477 250 2531 Terra
269 2477 333 2544 illa,
353 2495 409 2549 qua
429 2478 550 2549 parietes
568 2478 723 2543 illinuntur,
765 2481 807 2533 cd
831 2480 897 2547 hoc,
920 2490 950 2535 ut
973 2480 1047 2534 infra
1073 2499 1096 2535 c.
1123 2487 1172 2548 31,
1189 2488 1212 2537 3.
1240 2488 1330 2549 45,1.

159 2556 242 2624 φιαιιι·
266 2558 404 2625 qaudam
426 2556 611 2609 maturauit
630 2557 723 2624 addit,
765 2556 830 2611 Iloc
847 2556 1029 2626 probabilius.

158 2632 198 2685 ita
221 2642 253 2686 ut
280 2633 351 2687 tales
374 2633 495 2703 parietes
517 2634 722 2702 quodammodo
799 2633 894 2703 biems]
921 2635 984 2689 Non
1004 2634 1080 2690 esti.
1100 2653 1126 2706 q.
1149 2636 1251 2705 tiemo,
1278 2639 1327 2691 sed

159 2709 314 2778 comparari
327 2710 437 2779 possint
451 2728 513 2764 cum
526 2710 660 2764 Italorum
673 2729 723 2781 pa·
764 2728 816 2781 per
844 2713 1036 2781 metonymiam
1073 2713 1147 2767 valet
1173 2714 1329 2767 homiuibus

158 2785 277 2840 rictibus
300 2786 411 2855 pictura
434 2786 555 2841 inductis
578 2803 611 2841 ac
636 2788 722 2842 linea·
764 2788 853 2842 hierna
877 2790 993 2842 acuatir.
1030 2790 1064 2844 cf.
1090 2806 1113 2843 c.
1138 2795 1186 2855 46,
1210 2796 1234 2847 4.
1269 2794 1328 2845 Nec

159 2861 259 2916 mentis
271 2863 396 2916 colorum
407 2862 551 2918 distinctis.
561 2894 593 2903 -
602 2866 723 2918 Pictura
765 2865 849 2918 aliud
868 2866 1071 2932 insumitur
1084 2868 1221 2932 ferarum
1233 2870 1328 2922 imbri·

158 2941 185 2993 h.
198 2939 217 2993 l.
234 2956 290 2992 non
306 2939 446 3009 significat
457 2941 606 3008 fiquras
618 2943 721 3011 pictas,
739 3002 742 3007 .
764 2958 864 3011 umque
882 2945 1095 3012 suffugiunt.

157 3018 209 3071 sed
232 3015 396 3085 simpliciter
413 3018 555 3071 indacum
576 3036 661 3072 uuum
678 3037 723 3073 co·
798 3020 939 3090 molliunt]
959 3021 975 3077 i.
987 3041 1010 3076 e.
1025 3020 1156 3085 efficiunt,
1177 3023 1206 3073 u't
1219 3020 1328 3076 facilius

158 3095 246 3149 iorem
269 3094 377 3163 (Germ.
401 3095 562 3164 Austricli),·
582 3122 616 3133 —
634 3096 722 3150 tincc-
765 3097 885 3152 tolerare
897 3098 1007 3168 possint
1024 3099 1133 3167 (Germ.
1145 3100 1328 3166 crtrdyliclzcr

158 3179 249 3226 meato
265 3171 426 3226 colorum
442 3179 536 3225 autem
553 3183 619 3225 sunt
636 3172 722 3227 linea·
764 3174 907 3243 macheu),
941 3176 988 3229 vel
1020 3174 1180 3243 simpliciter
1202 3177 1328 3241 facilius

158 3256 258 3312 menta,
280 3265 353 3318 quae
370 3248 432 3302 aliie
444 3248 588 3302 coloribus
605 3248 634 3301 in
645 3248 721 3319 picto
765 3250 895 3305 tolerarit.

157 3325 265 3397 pariete
277 3327 359 3390 fiunt,
373 3324 614 3379 siveiiucamcatu
629 3325 722 3379 colo·
769 3381 771 3387 ,
798 3326 896 3397 boetia]
916 3329 994 3383 Haec
1006 3346 1070 3392 vox,
1090 3344 1162 3398 quae
1174 3329 1328 3384 subiectum

156 3412 255 3471 rata,
269 3402 364 3473 qualia
377 3401 518 3472 hodieque
535 3402 563 3457 in
575 3402 721 3471 Pompeia·
765 3410 808 3456 est
831 3404 978 3473 primariae
1003 3406 1215 3471 enuntiationis,
1243 3416 1326 3461 attra-

157 3480 201 3532 nis
214 3478 339 3550 reliquiis
351 3488 522 3549 comparent.
534 3508 568 3519 —
580 3481 601 3533 I
603 3480 723 3534 mitari
765 3480 857 3534 ctione
876 3480 905 3534 in
924 3482 1113 3537 secundariam
1134 3483 1212 3537 illata
1231 3493 1281 3539 cst.

155 3558 297 3627 picturam
327 3564 379 3610 etc.
412 3565 456 3609 est
487 3557 564 3611 loco
591 3557 722 3627 picturae
799 3560 1048 3628 quaaendasuut]
1064 3560 1157 3626 sc.iie‚
1173 3562 1220 3631 qui
1237 3562 1328 3617 sciunt

158 3650 247 3698 crac,
273 3635 349 3703 quod
371 3632 536 3687 Germanice
562 3633 639 3687 dicas
662 3650 722 3687 ucr-
764 3635 877 3703 quidem
889 3653 988 3705 specus
1001 3652 1062 3691 cum
1081 3638 1207 3707 frugibus
1220 3642 1327 3705 adesse,

157 3717 251 3764 tratas.
285 3710 350 3764 Hoc
367 3709 453 3781 igitur
471 3710 593 3766 voluisse
612 3710 722 3764 videtur
764 3713 830 3776 sed,
846 3713 906 3764 ubi
922 3713 1007 3778 siut,
1028 3714 1163 3769 nesciunt.

158 3786 286 3841 Tacitus:
310 3787 478 3857 splendente
495 3796 570 3842 terra
589 3786 653 3840 illiti
671 3806 722 3859 pa·
798 3788 891 3843 XVII.
921 3794 943 3845 1.
981 3790 1097 3859 Sapum]
1126 3792 1327 3847 vestimentum

157 3864 241 3919 rietes
259 3863 333 3918 idem
350 3864 410 3919 fare
428 3873 493 3917 eunt
512 3866 587 3953 apud
605 3864 722 3918 Germa·
763 3868 835 3930 hoc,
867 3869 943 3936 apud
974 3867 1115 3923 Romanos
1147 3868 1263 3923 militum
1295 3887 1328 3925 ac

158 3958 219 4004 nos,
235 3943 317 4030 ‘quod
333 3943 409 4012 apud
426 3958 479 3994 nos
496 3940 564 4011 picti
584 3957 617 3994 ac
635 3940 721 3995 linea·
764 3942 932 3997 rusticorum
951 3943 1103 4015 proprium,
1123 3964 1188 4000 num
1206 3950 1328 4003 eiusdem

157 4017 257 4071 mentis
270 4018 395 4073 colorum
408 4018 539 4073 distincti
569 4019 653 4072 Haud
666 4021 722 4074 die·
764 4021 839 4089 apud
852 4020 1006 4075 Germanos
1022 4023 1155 4077 materiae
1171 4034 1256 4095 etque
1273 4026 1329 4080 for-

157 4094 253 4149 similis
269 4097 341 4149 haec
354 4095 524 4165 comparatio
538 4095 579 4149 illi
597 4112 621 4148 c.
636 4101 676 4160 13,
691 4102 722 4162 1.,
764 4114 826 4150 mae
838 4096 932 4161 suerit,
945 4098 1027 4152 valde
1041 4100 1155 4155 dubium
1169 4112 1223 4173 est3
1241 4120 1329 4173 quare

157 4190 244 4241 quum
264 4174 300 4227 de
317 4170 401 4226 armis
419 4172 645 4227 adolescentibus
666 4182 722 4227 tra·
764 4173 1015 4242 eacumindefinite
1026 4177 1238 4249 intelligendum
1250 4182 1329 4237 uadi·

159 4248 223 4303 ditis
244 4249 327 4303 dicit:
350 4248 418 4303 baec
438 4252 518 4319 apud
534 4250 601 4305 ilios
620 4259 695 4319 toqa.
764 4252 850 4306 mauti
866 4268 951 4321 penus
969 4272 1038 4323 rapo
1056 4272 1174 4311 romano
1194 4260 1328 4327 quodam·

192 4328 298 4395 Solent]
317 4330 566 4388 rsa-noncaedem.
585 4328 723 4382 seduliae
765 4331 848 4382 modo
866 4333 1094 4399 comparandum.

157 4406 296 4484 quaedam
322 4402 449 4461 nationes
476 4406 654 4478 incultiores3
689 4406 724 4461 cf.
804 4407 1053 4479 recantarunt.
1073 4426 1097 4464 e.
1115 4412 1212 4466 cuerit
1231 4427 1329 4481 corpo-
