3067 4867
277 338 328 394 DE
350 336 487 393 TACITI
503 331 782 394 Ira-sonnerunt
802 334 1008 392 GERMANIA
1026 334 1215 393 CONSILIO.
1276 340 1331 411 ¹17¹

163 511 240 578 bant
251 536 261 589 3
292 530 391 595 quere
418 508 553 574 Tacitus
583 530 787 575 communem
814 518 965 573 veterum
983 530 1105 575 morem
1134 518 1263 575 secutus
1294 533 1332 577 ea

162 621 356 709 generaliter
387 630 512 685 tantum
544 620 652 707 attigit
684 642 721 684 ac
753 620 866 707 primis
897 620 996 685 modo
1026 620 1120 685 lineis
1151 621 1331 708 descripsit.

161 733 239 800 Alia
265 754 338 798 eum
366 754 500 819 prorsus
528 730 651 817 fugisse
680 730 834 796 credibile
862 742 927 807 est3
959 730 992 796 in
1015 730 1086 795 aliis
1113 730 1165 797 vix
1191 731 1331 798 dubitari
1395 723 1403 738 ⁹

162 853 287 931 potest,
310 843 389 929 quin
410 865 452 909 nc
474 841 515 906 ab
538 841 654 907 incolis
676 841 818 927 quidem,
841 841 965 929 quippe
986 864 1091 907 rerum
1114 844 1350 917 communium¹

161 956 285 1042 ignaris
304 977 343 1020 ac
357 952 452 1019 valde
472 952 653 1031 incuriosis,
673 961 796 1017 tantum
813 952 1010 1032 edoceretur,
1030 963 1185 1038 quantum
1201 955 1331 1021 edoceri

54 1135 59 1142 ,
163 1075 305 1152 cuperet.
348 1064 501 1151 Denique
522 1064 623 1129 multa
643 1085 748 1129 rerum
763 1063 1027 1131 Germanicarum
1049 1064 1214 1130 etiamtum
1232 1067 1329 1133 tantis

162 1175 308 1241 involuta
339 1186 430 1240 erant
461 1174 618 1256 tenebris,
651 1185 688 1239 ut
714 1197 810 1240 nemo
840 1173 960 1262 valeret
987 1175 1037 1240 vel
1065 1176 1261 1242 mediocrem
1290 1178 1330 1244 iis

163 1286 331 1352 effundere
356 1287 470 1355 lucem.
523 1285 618 1367 Quae
647 1308 747 1371 quum
776 1286 821 1352 ita
851 1296 975 1365 essent,
1005 1286 1330 1375 Tacitua‘praestitit

163 1406 321 1483 quantum
342 1397 467 1484 potuit,
494 1419 601 1482 neque
630 1396 829 1483 culpandus,
863 1400 951 1485 quod
980 1398 1073 1485 plura
1100 1422 1167 1465 non
1187 1399 1329 1465 tradidit

164 1508 292 1591 Quare,
319 1516 356 1573 ut
376 1508 490 1595 paucis
513 1507 720 1593 complectar,
749 1508 855 1593 gratia
878 1508 1030 1574 habenda
1057 1519 1106 1575 est
1134 1512 1249 1575 summi
1277 1512 1338 1605 iu-⁸

163 1618 251 1706 genii
272 1619 360 1698 viro,
389 1618 497 1704 quod,
525 1641 626 1706 quum
648 1619 678 1684 ei
706 1619 911 1705 propositum
938 1631 1024 1685 esset
1044 1620 1210 1687 Romanos
1236 1624 1329 1689 novis

104 1730 122 1741 '
163 1728 405 1817 cognitionibus
434 1730 475 1795 de
501 1743 598 1816 gente
622 1740 659 1795 ut
688 1752 802 1817 parum
830 1739 909 1797 nota
936 1730 982 1796 ita
1010 1731 1102 1799 valde
1130 1733 1329 1799 memorabili

162 1862 293 1927 augere,
316 1840 411 1905 simul
432 1841 501 1914 hoc,
517 1840 639 1918 effecit,
669 1850 705 1905 ut
725 1864 797 1919 nos,
827 1841 896 1908 eius
919 1842 1025 1929 gentis
1048 1846 1184 1931 posteri,
1211 1868 1327 1911 monu-

161 1961 306 2016 mentum
330 1951 573 2039 antiquissimae
601 1952 670 2018 eius
698 1952 871 2045 memoriae
899 1953 1088 2019 haberemus
1115 1977 1193 2021 auro
1213 1966 1329 2027 ,contra

162 2083 281 2131 carum.

212 4495 307 4539 raclr.
320 4497 410 4540 om
