3067 4867
570 1011 930 1079 UMVERSITY

584 1099 852 1195 ·0QOm

517 1370 1022 1448 PROLEGOMENA.

684 1563 851 1571 ———.

692 1693 781 1765 ΟΑΡ.
814 1694 841 1762 1.

454 1849 494 1909 De
520 1848 611 1913 'lacltl
640 1849 714 1927 rita,
740 1846 856 1929 ingeni·
883 1868 917 1911 ac
943 1848 1078 1911 neribus.

270 2032 378 2097 Taciti
416 2054 481 2117 quo
520 2033 694 2098 illustriora
730 2022 806 2098 sunl
839 2034 962 2119 ingenii
1000 2043 1226 2109 monumenta,
1267 2052 1351 2117 quae

185 2142 300 2207 merito
329 2142 362 2206 in
394 2143 678 2229 praestantissimis
706 2144 905 2228 antiquitatis
935 2142 1276 2229 reliquiiehabentur,
1311 2165 1349 2207 eo

186 2251 375 2317 obscuriora
397 2262 471 2316 sunt
493 2263 524 2317 et
546 2252 612 2317 fere
633 2250 733 2318 latent
755 2255 874 2331 omnia,
898 2275 983 2339 quae
1005 2255 1046 2317 ad
1069 2253 1139 2318 eius
1160 2254 1258 2318 vitam
1275 2274 1350 2338 per-

185 2362 295 2429 tinent.
341 2360 468 2445 Quare,
500 2386 598 2447 quum
629 2384 733 2449 pauca
756 2374 879 2428 tantum
900 2364 995 2429 certis
1018 2363 1210 2428 testimoniis
1232 2363 1352 2427 tradita

186 2472 265 2550 sint,
287 2472 443 2559 pleraque
464 2472 632 2537 doctorum
653 2474 795 2539 virorum
820 2460 1015 2541 coniecturis
1037 2473 1196 2551 nitantur,
1222 2473 1351 2537 omissis

187 2581 433 2668 quaestionibus
457 2604 495 2647 ea
517 2592 650 2661 tantum,
673 2606 755 2668 quae
779 2585 917 2670 aliquam
941 2583 1204 2671 probabilitatem
1222 2582 1351 2659 habent,

187 2714 247 2780 pro
270 2691 406 2757 consilio
429 2691 525 2755 huius
548 2692 700 2758 editionis
722 2693 862 2758 breviter
881 2694 1144 2781 complectemur.

270 2803 341 2867 Iam
368 2802 506 2888 primum
537 2802 578 2867 de
606 2825 690 2867 anno
719 2804 788 2867 eius
811 2804 909 2867 natali
931 2802 1121 2887 ambigitur,
1156 2791 1351 2887 quamquam

188 2911 401 2977 coniectando
425 2912 502 2977 satis
526 2934 629 2998 prope
653 2914 695 2977 ad
717 2934 827 2977 verum
850 2913 960 2978 accedi
984 2923 1100 2999 potest.
1145 2913 1229 2977 Nam
1253 2934 1352 2996 quum

187 3022 314 3086 eunius
335 3022 422 3108 app.
447 3022 532 3097 vu,
554 3022 613 3099 20,
636 3024 665 3089 a
696 3046 730 3087 se
754 3035 786 3087 a
808 3008 958 3088 ratitum
982 3023 1070 3088 dicu
1096 3028 1197 3101 „trum
1218 3024 1353 3087 smirna

187 3144 283 3197 aetate
299 3135 525 3218 propemodum
547 3134 723 3215 aequoles,“
753 3144 785 3197 et
806 3135 834 3217 ᾗ.
856 3136 886 3201 4.
913 3133 1043 3198 adiiciat
1070 3132 1247 3217 „equidem
1270 3131 1352 3195 ado-

187 3240 401 3319 lescentulus,
435 3263 534 3325 quum
564 3240 635 3307 iam*
657 3253 691 3306 tu
713 3242 799 3307 fama
821 3242 989 3329 gloriaque
1013 3244 1160 3319 floreres,
1194 3252 1226 3306 te
1250 3241 1353 3325 sequi,

189 3352 245 3417 tibi
273 3352 373 3437 longo
403 3352 462 3415 sed
490 3352 658 3437 proximus
687 3352 855 3418 intervallo
885 3365 918 3418 et
946 3375 1019 3418 esse
1045 3364 1076 3416 et
1097 3351 1208 3416 haberi
1232 3372 1354 3416 concu-

190 3461 394 3548 piscebam‚“
423 3448 505 3525 inde
529 3463 739 3546 consequitur
760 3463 849 3527 illum
873 3462 987 3548 paucis
1008 3462 1106 3527 modo
1129 3461 1221 3525 annia
1243 3459 1354 3525 Plinio

189 3572 287 3637 luisse
320 3572 484 3636 maiorem.
543 3572 660 3656 Neque
694 3594 760 3639 non
797 3572 948 3658 congruit
975 3571 1061 3635 idem
1091 3571 1158 3634 fero
1187 3570 1355 3655 utriusque

189 3680 345 3747 honorum
377 3704 489 3746 cursus
520 3704 620 3767 parvo
652 3704 809 3747 annorum
832 3681 999 3746 intervallo
1022 3681 1218 3758 disiunctus,
1253 3680 1354 3765 siqui-

189 3792 261 3856 dem
297 3791 432 3857 Tacitus
466 3814 552 3857 anno
588 3816 619 3879 p.
652 3792 728 3861 Chr.
756 3794 806 3859 88.
836 3804 966 3879 praetor
994 3790 1070 3869 luit,
1103 3814 1131 3855 a.
1155 3791 1205 3854 97.
1228 3791 1354 3867 consul,

188 3902 287 3967 Plinii
320 3924 396 3967 vero
435 3912 586 3988 praetura
621 3902 653 3967 in
682 3914 812 3967 annum
845 3904 895 3970 93.
932 3901 1062 3976 incidit,
1100 3900 1288 3965 consulatus
1320 3902 1355 3965 in

188 4036 214 4080 a.
239 4013 307 4077 101.
353 4012 420 4096 Qui
444 4034 542 4097 quum
566 4037 593 4078 a.
614 4012 664 4077 61.
689 4038 720 4099 p.
744 4012 821 4079 Chr.
845 4022 941 4077 natus
964 4012 1006 4075 sit
1035 4012 1086 4089 (ci.
1108 4012 1196 4097 Epp.
1221 4011 1280 4087 VI,
1303 4011 1354 4087 20,

188 4122 241 4209 5.),
265 4146 331 4188 non
355 4124 528 4188 verendum
553 4136 611 4200 est,
634 4146 674 4188 ne
697 4123 831 4187 multum
855 4144 964 4187 avero
990 4120 1189 4198 aberremus,
1213 4120 1240 4184 si
1256 4120 1353 4184 Taci-

189 4244 254 4297 tum
283 4234 367 4297 intra
396 4252 514 4297 annum
544 4234 585 4298 56
608 4245 640 4298 et
665 4233 706 4298 58
728 4246 839 4297 natum
862 4254 934 4296 csse
956 4240 1153 4306 statuamus3
1187 4253 1260 4294 nam
1283 4252 1353 4295 om-

188 4342 237 4408 nis
268 4344 435 4409 fluctuatio
462 4344 498 4407 'in
531 4344 759 4409 constituendo
790 4366 876 4409 anno
904 4343 957 4407 vix
984 4340 1053 4407 tolli
1079 4340 1206 4429 poterit.
1247 4340 1350 4406 Prae·

238 4458 341 4500 racrr.
359 4460 462 4503 rouro,
1126 4445 1142 4508 1
