3067 4867
628 409 860 466 PRAEFATIO.
1273 403 1333 462 VH

163 584 278 670 religio
299 582 456 671 paulatim
475 583 604 648 invecta
626 581 669 646 ad
683 573 790 647 mor'es
811 580 1022 666 institutaque
1043 575 1243 644 immutanda
1257 597 1332 642 eon-

164 695 287 781 tulerit,
309 692 457 781 prolecto
478 714 546 757 nou
568 691 749 767 dubitabit,
776 691 854 777 quin
873 690 962 756 haud
984 711 1090 776 pauca
1112 690 1225 768 exiis,
1248 711 1333 776 quae

165 804 302 870 Tacitus
316 813 435 880 narrat,
457 812 590 888 postero
613 812 759 888 tempore
774 800 824 867 vel
843 801 939 888 plane
954 799 1149 877 evanuerint,
1171 799 1222 865 vel
1237 800 1333 866 aliam

164 914 300 980 lormam
318 911 493 989 induerint,
514 911 603 977 unde
624 911 843 996 consequitur,
867 932 933 976 non
948 909 1018 974 sinc
1040 932 1165 976 summa
1183 912 1333 976 cautione

165 1024 244 1089 talia
267 1023 310 1089 ad
339 1023 520 1111 priscorum
546 1033 729 1108 temporum
750 1019 919 1107 ingenium
940 1019 1164 1084 illustrandum
1187 1018 1333 1086 adhiberi

165 1155 274 1220 posse.
317 1131 537 1199 Nihilominus
552 1129 693 1197 ‘editores
709 1153 748 1197 ea
770 1130 920 1196 cautione
940 1128 1098 1215 neglecta,
1119 1151 1333 1218 quaecunque

163 1243 215 1308 vel
236 1242 338 1308 levem
358 1243 498 1328 aliquam
527 1241 770 1307 similitudinem
800 1261 874 1306 cum
900 1239 998 1306 rebus
1026 1262 1045 1304 a
1068 1240 1184 1306 Tacito
1206 1240 1334 1306 traditis

165 1352 337 1431 haberent,
363 1375 403 1418 ex
424 1351 523 1417 medii
543 1353 614 1418 aevi
637 1350 850 1438 scriptoribus
874 1349 1010 1415 collecta
1036 1371 1096 1435 pro
1118 1350 1212 1415 iustis
1234 1349 1333 1416 iuter-

165 1463 315 1551 pretandi
337 1462 541 1528 adminiculis
562 1461 754 1538 habueruut,
774 1484 841 1526 uon
861 1460 1035 1526 sentientes
1057 1459 1104 1524 ita
1127 1460 1161 1524 in
1179 1460 1277 1525 alium
1299 1481 1335 1525 se

164 1595 316 1660 campum
336 1571 528 1658 uansgredi.
571 1573 658 1637 Nam
680 1569 769 1635 aliud
790 1581 838 1636 est
858 1569 966 1636 omnia
988 1570 1231 1654 antiquissimae
1250 1571 1334 1637 Ger-

163 1703 332 1748 manorum
358 1681 514 1747 historiae
544 1681 684 1765 vestigia
715 1680 868 1767 persequi
902 1680 944 1744 ad
972 1679 1145 1766 imaginem
1178 1690 1333 1766 quantum
1359 1729 1361 1736 -

163 1791 233 1858 fieri
254 1802 365 1879 potest
384 1790 653 1878 perfectissimam
672 1800 817 1856 veterum
837 1790 1057 1855 institutorum
1079 1791 1221 1855 omnium
1243 1813 1333 1857 com-

163 1902 351 1989 parandam,
366 1901 456 1966 aliud
469 1900 522 1966 via
536 1910 569 1965 et
587 1901 712 1966 ratione
733 1900 875 1986 assequi,
891 1899 982 1985 quid
1004 1923 1138 1966 eorum
1160 1924 1180 1964 a
1195 1902 1333 1967 Tacito

162 2012 350 2078 traditum
372 2011 436 2090 sit,
452 2021 490 2076 et
510 2021 711 2099 quatenus.
748 2011 861 2094 Quare
876 2010 957 2077 illud
973 2010 1113 2096 quidem,
1129 2011 1334 2078 utilissimum

164 2134 196 2188 et
219 2143 353 2209 prorsus
374 2123 595 2188 necessarium
616 2122 661 2186 ad
682 2121 841 2187 eruendas
863 2120 897 2186 in
918 2121 1102 2188 uuiversum
1124 2123 1334 2210 antiquitates

164 2231 388 2310 Germanicas,
409 2253 448 2298 eo
470 2233 581 2308 evasit,
603 2242 640 2295 ut
660 2231 899 2297 commentariis
915 2230 1111 2298 Germaniae
1130 2233 1235 2318 magis
1256 2233 1333 2298 hor-

163 2365 254 2408 reum
282 2341 448 2427 quoddam
473 2341 703 2429 antiquitatum
730 2340 997 2408 Germanicarum
1028 2341 1207 2407 efficeretur
1236 2365 1334 2428 quam

163 2454 250 2519 insta
271 2473 375 2537 eaque
389 2451 499 2517 stricta
519 2461 616 2538 atque
634 2450 773 2538 simplex
788 2451 957 2516 verborum
973 2451 1080 2517 Taciti
1101 2452 1333 2539 interpretatio.

163 2563 281 2648 Neque
296 2583 336 2628 eo
358 2570 512 2628 contenta
531 2561 690 2628 industria
709 2563 855 2626 virorum
877 2561 1045 2628 doctorum
1061 2562 1158 2628 etiam
1179 2584 1228 2640 ea,
1250 2585 1334 2650 quae

164 2673 254 2761 apud
275 2673 436 2750 Graecos,
457 2672 594 2748 Persas,
616 2671 737 2749 Indos,
761 2672 966 2759 Aegyptios,
994 2671 1075 2736 alios
1105 2671 1223 2737 similia
1248 2673 1333 2740 Ger-

163 2782 361 2848 manicarum
381 2803 487 2846 rerum
507 2781 720 2868 reperiuntur,
743 2781 909 2847 afferenda
925 2775 1066 2868 pritavit,
1089 2781 1183 2867 quasi
1198 2782 1334 2849 Tacitus

165 2893 207 2958 ad
228 2892 308 2957 talia
335 2891 551 2978 respexisset,
579 2900 635 2955 aut
662 2890 764 2956 libelli
793 2891 862 2957 cius
891 2891 1072 2958 intellectus
1092 2892 1134 2958 iis
1162 2892 1333 2960 iuvaretur.

165 3003 214 3068 Ad
239 3001 360 3067 hocin
388 3000 530 3065 eruenda
551 3000 766 3087 originatione
792 3013 824 3066 et
851 3001 1088 3086 significatione
1107 3003 1274 3068 nominum
1296 3025 1334 3070 ac

163 3110 405 3189 vocabulorum,
428 3132 511 3199 qnae
533 3111 577 3176 ad
598 3110 721 3198 priscas
742 3133 795 3177 res
817 3111 1029 3179 Germanicas
1057 3121 1222 3199 spectant,
1242 3114 1335 3180 multi

164 3222 256 3286 nimii
277 3220 415 3298 luerunt,
438 3231 470 3287 et
491 3221 587 3286 etiam
609 3243 658 3297 ea,
681 3243 766 3307 quae
788 3222 876 3287 nullo
899 3233 997 3308 pacto
1019 3223 1062 3286 ad
1080 3222 1241 3308 liquidum
1257 3247 1333 3311 per-

165 3331 240 3397 duci
262 3341 411 3418 possunt,
434 3331 510 3416 quia
531 3331 651 3396 iustum
671 3331 937 3410 frmdamendum,
959 3332 1011 3397 cui
1030 3335 1209 3414 insistaur,
1233 3335 1333 3414 deest,

164 3452 318 3528 tanquam
340 3451 428 3506 certa
448 3453 481 3506 et
502 3440 672 3529 explorata
693 3453 828 3529 ponunt.
872 3442 969 3524 Quae
992 3465 1091 3528 quum
1112 3443 1334 3531 improbamus

163 3561 197 3617 et
217 3551 258 3617 ab
281 3551 424 3616 editione
446 3551 667 3616 scholarum
688 3552 775 3617 usui
798 3553 993 3618 destinata
1013 3553 1119 3620 aliena
1140 3555 1333 3634 iudicamus,

163 3663 233 3728 lore
243 3661 482 3749 praevidemus,
491 3662 611 3748 quibus
620 3663 713 3728 aliter
722 3662 879 3740 videatur,
887 3662 1009 3750 quique
1017 3664 1334 3744 levitatis,stultitiae

164 3794 203 3838 ac
224 3771 442 3859 perversitatis
463 3795 524 3838 nos
546 3784 707 3842 accusent.
749 3775 784 3839 N
785 3773 838 3839 olo
855 3796 928 3839 cum
949 3773 1000 3838 his
1015 3777 1056 3840 de
1071 3796 1110 3839 ea
1123 3797 1159 3840 re
1177 3797 1334 3863 pugnare,

163 3881 322 3967 facileque
344 3881 504 3968 patierin
526 3905 586 3947 sua
609 3904 666 3949 eos
689 3883 849 3950 sententia
877 3895 1041 3970 perstare,
1068 3885 1168 3950 modo
1191 3907 1232 3951 ne
1254 3907 1333 3951 con-

162 3991 315 4068 tendant,
343 3991 430 4056 illam
457 3992 603 4078 undique
632 3994 849 4081 conquisitam
874 3994 1055 4060 doctrinam
1077 3995 1335 4084 opinionumque

162 4101 298 4168 mirifica
326 4112 509 4168 commenta
531 4113 599 4167 tmn
627 4104 669 4168 ad
691 4104 843 4170 Tacitum
872 4106 982 4192 ipsum
1004 4105 1230 4172 illustrandum
1258 4128 1333 4194 per-

164 4213 276 4290 tinere,
298 4221 367 4277 tum
388 4212 432 4279 ad
453 4211 605 4278 iuvenum
627 4214 734 4280 studia
755 4214 951 4282 Germaniae
972 4215 1180 4282 accendenda
1201 4217 1333 4282 alenda-

165 4344 228 4407 que
249 4343 401 4408 magnam
423 4321 490 4387 vim
511 4322 640 4389 habere.
682 4323 788 4389 Nemo
813 4325 908 4403 enim,
931 4327 987 4411 qui
1010 4349 1112 4414 vagas
1134 4349 1172 4394 ac
1193 4326 1333 4392 maxime

163 4431 248 4498 inter
271 4453 307 4499 sc
333 4432 557 4520 discrepantes
583 4433 761 4501 sententias
791 4436 832 4502 de
861 4435 993 4506 sedibus
1020 4436 1194 4504 multorum
1221 4457 1331 4524 popu·
