3067 4867
445 311 654 372 AGRIOOLA.
691 310 722 370 O.
738 312 904 372 xxxvm.
932 309 1069 368 XXXIX.
1277 311 1338 382 127

168 502 322 572 inolentis
358 502 505 591 epistolis
542 501 718 588 Agricolae
753 511 904 580 sucmm,
938 510 974 566 ut
1012 501 1203 570 Domitiano
1239 503 1338 572 moris

144 624 253 691 teret,
281 613 388 680 fronte
409 614 530 692 laetus,
564 624 695 700 pectore
718 612 834 681 anxius
857 612 994 700 excepit.
1037 613 1147 680 Inerat
1169 615 1338 682 conscien-

168 725 214 790 tie
242 723 362 790 derisni
390 722 491 790 luisse
518 745 625 810 nuper
645 723 762 790 falsum
785 745 803 790 e
827 723 1001 791 Germania
1022 723 1237 810 triumphum,
1271 747 1338 790 em-

169 834 234 922 ptis
264 855 323 922 per
349 833 557 910 commercio,
588 855 726 920 quorum
747 833 877 899 habitus
902 843 934 898 et
955 834 1058 898 crines
1080 833 1114 900 in
1139 835 1339 922 captivorum

169 945 313 1033 speciem
343 943 573 1021 formarentur3
612 956 646 1009 st
676 966 764 1011 nnnc
789 965 897 1012 vorem
926 965 1144 1030 magnamque
1172 945 1338 1012 victorium

169 1065 218 1122 tot
249 1054 379 1122 milibus
409 1055 552 1122 hostium
583 1055 687 1122 caesis
719 1055 845 1142 ingenti
873 1054 958 1122 lame
985 1054 1148 1122 celebruni.
1205 1056 1244 1121 Id
1277 1056 1339 1124 sibi

143 1167 309 1235 emsxime
329 1166 591 1244 formidolosum
620 1165 734 1252 privati
756 1165 897 1232 hominis
919 1187 1037 1232 nomen
1060 1187 1159 1251 supra
1181 1165 1338 1254 principis

170 1277 289 1355 attolli3
321 1276 441 1342 frustra
468 1277 577 1342 studia
604 1274 666 1342 lori
693 1285 725 1341 et
750 1275 892 1344 civilium
918 1275 1034 1342 estium
1064 1276 1162 1341 decus
1185 1276 1219 1342 in
1241 1276 1339 1344 silen-
1444 1311 1450 1320 κ

169 1388 250 1454 tium
272 1397 362 1464 scta,
384 1386 413 1451 si
433 1386 604 1454 militonem
624 1385 762 1473 gloriam
784 1386 866 1452 nlius
889 1395 1064 1474 occuparet
1071 1409 1080 1462 ;
1106 1396 1138 1451 ct
1158 1396 1266 1452 uetere
1287 1398 1339 1454 ut-

170 1519 309 1582 cumque
337 1497 465 1564 lucilius
495 1496 707 1573 dissimulari,
741 1496 833 1562 ducis
863 1495 940 1561 boni
969 1495 1210 1583 imperatorium
1239 1497 1339 1564 virtu·

143 1618 234 1674 ttcm
258 1629 341 1674 esse.
385 1606 524 1673 Talibus
558 1606 643 1674 curis
674 1607 851 1683 exercitus,
885 1607 1039 1694 qnodque
1069 1627 1183 1672 suevae
1214 1608 1340 1695 cogitu-

168 1802 262 1851 morter
298 1811 433 1866 prospere
468 1802 576 1864 gestes,
611 1794 734 1851 feliciter
809 1801 840 1848 et
856 1795 938 1861 utute]
959 1811 984 1845 v.
1005 1794 1040 1846 sd
1061 1810 1083 1848 c.
1106 1797 1135 1860 1,
1153 1798 1177 1850 t.
1209 1793 1341 1848 Puteola·

168 1874 354 1942 procedentes
378 1889 412 1926 ec
435 1872 567 1936 fluentcs;
595 1873 630 1926 cf.
648 1891 670 1928 c.
690 1879 733 1938 27,
776 1890 827 1925 nus
845 1869 956 1942 scripsit
973 1888 1007 1924 ac
1024 1887 1104 1926 nuuc.

171 1954 193 2004 1.
232 1950 370 2005 Continuo
403 1949 579 2019 proeliorum
620 1968 733 2006 cursu.
810 1983 905 2019 „gram
949 1981 1133 2034 meamque
1154 1975 1159 1986 ·
1180 1963 1338 2032 victoriam]

169 2025 402 2094 Hl⁸l·1s48‚l·
441 2029 474 2080 T·
504 2027 601 2080 Vlm'm
627 2044 735 2082 0111311
776 2043 856 2097 Haec
894 2061 949 2097 non
988 2041 1121 2096 continuo
1152 2043 1276 2112 pendent
1305 2057 1339 2095 ex

168 2104 303 2158 honorum
320 2105 463 2174 ieoffenw·
776 2119 869 2174 serbis
891 2122 983 2174 iomar
1006 2118 1191 2188 comunem
1218 2122 1266 2173 sed
1290 2135 1342 2190 per

202 2198 283 2251 nulla
304 2229 337 2240 -
356 2195 506 2266 iactantia]
530 2196 650 2268 Negatio
670 2198 734 2250 sub·

169 2275 289 2329 stentivo
310 2275 406 2329 addite
420 2274 544 2345 pertinet
556 2276 592 2327 ed
606 2281 734 2343 anctum

168 2371 194 2409 s.
213 2354 249 2406 sd
268 2369 291 2406 c.
312 2357 356 2417 16,
379 2358 404 2408 6.

202 2449 325 2514 auctum]
344 2446 408 2500 Vnt.
427 2453 457 2500 Γ,
475 2451 509 2501 Δ.
528 2453 628 2499 actum.
667 2443 734 2498 Cor·

168 2522 244 2577 rexit
260 2521 387 2594 Lipsius,
406 2531 437 2577 ut
454 2541 551 2578 sensus
570 2523 666 2594 utique
683 2541 733 2593 po·

169 2599 229 2654 seit.
273 2599 386 2671 Quippe
411 2601 546 2672 Agricola
570 2600 669 2656 litteris
696 2602 733 2654 ed

168 2676 366 2750 imperatorem
390 2680 425 2733 de
450 2679 567 2734 victoris
592 2697 643 2733 suu
670 2677 733 2732 mis·

168 2752 206 2808 sis
231 2771 371 2808 armornm
395 2764 525 2810 eventum
548 2774 605 2811 non
628 2755 656 2810 in
677 2773 733 2810 rna-

170 2831 213 2885 ius
233 2841 366 2896 suxerat,
384 2834 433 2886 sed
455 2836 491 2887 ad
508 2851 642 2888 summum
660 2833 732 2886 veri·

169 2915 255 2962 tstcm
275 2918 457 2981 exposucrst3
479 2911 514 2966 cf.
535 2928 558 2967 c.
579 2917 619 2979 18,
639 2916 664 2966 8.

203 3011 234 3056 nt
263 3004 430 3059 Domitiano
459 3007 547 3059 more
576 3009 648 3074 erut]
691 3006 733 3058 Its

168 3081 233 3134 vu.
266 3087 296 3138 Γ.
328 3089 358 3134 ut
389 3083 571 3137 Domitianus
605 3091 666 3138 erat
699 3087 733 3137 Δ.

168 3158 346 3212 Attrsctione
403 3159 557 3215 subiectum
610 3161 733 3231 primarii

169 3234 303 3290 enuntiati
331 3235 472 3290 obiectum
496 3238 599 3292 Iactum
624 3246 666 3292 est
689 3256 733 3292 se·

169 3311 311 3380 cundurii,
348 3313 448 3367 omisso
485 3315 652 3386 pronomine
684 3317 734 3370 de·

168 3389 367 3454 monstrativo,
399 3409 449 3460 pro
481 3410 533 3456 eo,
571 3395 646 3461 quod
678 3402 733 3447 est:

168 3467 364 3535 Domitianum,
406 3477 437 3521 ut
478 3470 506 3523 ει·
541 3469 624 3524 moris
668 3479 735 3537 erat,

168 3545 262 3599 fronte
282 3546 370 3598 laetus
387 3575 421 3585 —
440 3547 558 3618 excepit.
577 3578 610 3587 -
640 3547 735 3602 Moris

778 2215 896 2267 zeugma
920 2196 986 2250 iude
1011 2198 1196 2266 repetendum
1221 2197 1341 2261 uidebat,

777 2275 823 2330 vel
841 2275 1024 2343 instrepebat,
1046 2274 1092 2328 vel
1109 2274 1265 2344 reputabat.

812 2373 836 2422 3.
869 2369 963 2421 suedia
987 2369 1063 2437 fori]
1102 2368 1118 2421 i.
1150 2385 1173 2422 e.
1203 2367 1341 2422 forensem

777 2445 974 2515 eloquentiam.

812 2539 934 2592 ciuilium
971 2539 1085 2607 artium]
1130 2539 1232 2594 &vites
1267 2547 1342 2593 artes

778 2617 955 2671 continentur
974 2615 1089 2670 scientis
1100 2616 1140 2670 rei
1152 2616 1282 2686 publicae
1294 2634 1342 2687 ge·

776 2696 881 2748 rendre
910 2701 938 2748 et
963 2695 1100 2748 derebus
1121 2693 1294 2763 gravioribus
1314 2693 1342 2747 in

777 2780 874 2826 senatu
895 2771 1078 2825 consultandi.

803 2851 920 2917 frustm
956 2877 987 2887 —
1023 2849 1053 2902 s‘u
1089 2847 1229 2900 silentium
1264 2850 1340 2916 acta]

777 2927 793 2981 i.
814 2945 838 2984 e.
860 2928 977 2993 frustra
998 2927 1033 2978 ab
1055 2927 1116 2995 t'pso
1136 2941 1284 2995 oppressa,
1304 2941 1341 2978 sc.

778 3023 833 3075 qno
866 3020 945 3058 suurn
974 3003 1120 3073 imperium
1152 3003 1275 3056 firmaret
1300 3002 1341 3056 in·

777 3081 865 3152 geniis
884 3089 1075 3152 prompturum
1092 3079 1213 3133 virorum
1233 3081 1269 3133 ud
1287 3087 1342 3134 tor·

777 3177 875 3232 porem
894 3157 1049 3224 damnetis3
1073 3157 1107 3212 cf.
1131 3175 1153 3213 c.
1173 3163 1204 3222 3,
1224 3163 1248 3214 3.

811 3237 896 3304 alius]
919 3253 955 3290 sc.
975 3251 1057 3305 quum
1076 3235 1146 3305 ipse.

812 3321 837 3366 et
855 3313 960 3382 cetero]
993 3313 1036 3366 Its
1055 3312 1110 3364 Vst
1129 3317 1157 3366 Γ.
1177 3316 1210 3365 Δ.
1230 3319 1256 3365 et
1273 3312 1341 3366 omi·

777 3390 814 3444 sit
835 3390 982 3444 Wexius.'

811 3467 959 3537 utcunque]
978 3465 995 3520 i.
1010 3482 1034 3520 e.
1051 3465 1145 3537 sliquo
1160 3475 1237 3520 certe
1249 3468 1342 3532 modo,

778 3545 938 3614 quicunque
973 3543 996 3596 is
1032 3551 1075 3596 est
1111 3544 1218 3612 (Germ.
1253 3544 1342 3598 ellen-

168 3629 209 3675 est
227 3621 329 3691 legitur
347 3621 430 3676 etiem
450 3642 473 3678 c.
490 3631 539 3692 42,
564 3632 587 3680 5.
624 3626 693 3679 Hist.
711 3625 734 3692 1,
770 3622 879 3690 falls);
899 3622 933 3675 cf.
954 3623 1025 3674 Anu.
1044 3620 1116 3686 XII,
1137 3627 1183 3689 50,
1205 3629 1226 3677 1.
1262 3621 1342 3688 XIV,

171 3706 211 3764 to,
231 3704 252 3754 1.
288 3699 382 3754 Germ.
404 3705 449 3765 13,
470 3708 493 3757 1.
526 3708 573 3765 21,
591 3708 615 3758 3.

203 3834 227 3884 2.
244 3829 423 3896 couscientia]
448 3847 473 3883 v.
493 3831 528 3884 sd
546 3846 570 3884 c.
589 3835 634 3897 16,
655 3836 679 3886 2.

202 3931 310 3993 salsum
335 3947 349 3984 e
376 3930 532 3986 Germania
552 3932 731 4001 triunsphmu]

170 4009 206 4062 ef.
230 4008 284 4061 Dio
311 4006 386 4062 Cass.
407 4008 528 4076 LXVII,
552 4015 576 4064 4.
603 4007 735 4081 'Euespe-

169 4081 266 4146 πεύσεις
288 4084 312 4138 δ’
334 4091 373 4145 ele
390 4092 549 4158 Γερμανίαν
573 4091 631 4139 καὶ
655 4086 733 4158 μηδ’

169 4159 333 4232 ἑωρακώς
367 4183 431 4218 που
465 4167 636 4234 πολέμιον
664 4167 734 4218 ἔπα-

168 4243 241 4305 νῆκι.
278 4239 394 4297 Sueten,
433 4240 537 4295 Domit.
570 4259 593 4296 c.
625 4247 648 4298 6.
687 4245 734 4296 Dc

170 4317 285 4374 Cattis
304 4319 449 4388 Dacisque
467 4349 502 4364 ι·-
525 4320 664 4392 duplicem
684 4321 747 4380 pri..

168 4395 299 4470 sophum
317 4395 379 4468 epit.

777 3706 818 3762 57,
836 3704 860 3754 2.
891 3698 961 3752 Plin.
981 3699 1051 3769 Epp.
1066 3699 1102 3765 V,
1122 3705 1146 3762 5,
1165 3703 1189 3754 2,

811 3775 997 3843 dissimulari]
1025 3775 1041 3828 i.
1062 3793 1086 3830 e.
1105 3776 1223 3843 uepls'ps',
1236 3793 1342 3844 perum

778 3854 890 3916 curari,
927 3853 1018 3906 omitti
1051 3853 1158 3922 (Germ.
1191 3853 1341 3921 iqrrorisctu

777 3933 843 3985 uber
866 3938 949 3984 etwas
970 3930 1189 4000 neurospastos„
1214 3932 1249 3986 cs.
1274 3947 1297 3985 c·.
1316 3937 1342 3996 6,

777 4015 802 4064 3.
835 4013 875 4076 18,
894 4013 918 4063 8.
948 4009 1020 4062 Anu.
1040 4007 1104 4072 XV,
1126 4013 1166 4072 71,
1186 4015 1208 4064 5.
1239 4009 1342 4074 Atetta,

777 4094 865 4140 mater
888 4085 1003 4139 Annaei
1024 4085 1149 4153 Insceut’,
1177 4087 1237 4140 sinc
1263 4089 1341 4142 ahso-

777 4165 896 4230 lutionc,
921 4163 981 4217 eine
1006 4162 1146 4232 supplicio
1173 4164 1342 4220 dissime·

777 4241 863 4294 latu.

811 4318 891 4371 ductis
917 4317 983 4371 boni
1004 4351 1036 4362 -
1063 4320 1130 4386 csse]
1162 4319 1237 4373 Note
1261 4335 1341 4390 asyn-

778 4397 863 4454 deton
889 4394 916 4452 lu
941 4395 1118 4458 adversative
1142 4395 1290 4458 sententis,
1308 4429 1340 4450 -
