3067 4867
504 380 719 439 casulum.
756 380 786 438 Ο.
804 380 886 439 ΧΠΙ,
903 380 982 438 XIV.
1287 382 1330 451 49

161 575 239 621 vero
260 552 381 621 infame
406 553 440 619 in
462 576 591 638 omnem
611 553 709 619 vitam
733 574 771 619 ac
795 553 990 640 probrosum
1012 553 1216 641 superstitem
1232 554 1329 641 prin-

163 665 230 751 cipi
251 688 312 730 suo
335 686 377 729 ex
397 664 468 730 acie
490 664 672 731 recessisse.
701 664 810 729 lllum
834 664 1017 743 defendere,
1041 664 1140 743 tueri,
1166 666 1226 731 sua
1246 688 1329 751 quo-

161 797 227 861 que
240 774 337 841 fortia
349 774 434 841 lacte
448 774 573 861 gloriae
592 775 662 841 eius
681 774 849 861 assignare
864 776 1075 863 praecipuum
1095 786 1331 861 sacramentum

162 896 221 951 est
267 886 441 973 Principes
471 907 531 973 pro
557 885 694 951 victoria
722 895 887 971 pugnant,
920 886 1052 952 comites
1081 908 1141 973 pro
1172 888 1329 973 principe.

137 994 200 1064 esi
221 994 346 1073 civitas,
365 996 399 1062 in
417 1019 485 1083 qua
506 997 569 1061 orti
589 1005 678 1071 sunt,
698 994 800 1081 longa
821 1016 902 1083 pace
924 1007 956 1061 et
977 996 1044 1062 otio
1066 1006 1208 1083 torpeat,
1231 998 1329 1084 pleri-

162 1127 227 1191 que
254 1104 411 1170 nobilium
437 1106 693 1172 adolescentium
720 1115 834 1191 petunt
861 1106 944 1171 ultro
969 1128 1025 1171 eas
1053 1107 1216 1184 nationes,
1247 1131 1330 1193 quae

161 1214 373 1280 tumbellam
400 1215 534 1301 aliquod
562 1226 707 1303 gerunt,
726 1215 804 1301 qnia
832 1226 863 1279 et
891 1216 1020 1301 ingrata
1046 1218 1135 1303 genti
1162 1218 1269 1303 quies,
1298 1230 1331 1285 et

160 1324 286 1391 facilius
307 1325 391 1391 inter
413 1326 568 1413 ancipitia
589 1326 787 1403 clarescunt,
815 1348 1032 1411 magnumque
1057 1328 1242 1394 comitatum
1263 1352 1330 1395 non

136 1435 224 1501 anisi
245 1435 276 1501 vi
299 1435 450 1521 belloque
476 1448 614 1504 tuentur.
655 1436 804 1521 Exigunt
831 1436 916 1501 enim
937 1436 1095 1525 principis
1117 1439 1167 1504 sui
1189 1438 1329 1507 liberali·

60 1560 66 1567 ·
160 1553 227 1611 tate
261 1545 351 1611 illum
386 1546 574 1613 bellatorem
610 1568 748 1632 equum,
784 1546 872 1611 illam
904 1557 1067 1613 cruentam
1100 1548 1330 1636 victricemque

161 1730 312 1801 praecipua
335 1732 501 1789 sacrmenti
523 1750 589 1804 pars
614 1740 671 1797 est,
689 1757 725 1779 =
766 1732 868 1787 ariam
888 1732 1061 1803 accipiaata
1072 1736 1204 1806 princepe
1221 1736 1331 1791 bella:

160 1808 341 1879 praecipuum
372 1817 428 1874 est,
458 1812 495 1864 ad
527 1812 603 1881 quod
632 1828 724 1865 saera-
767 1818 881 1865 torem
910 1827 1046 1879 equam·
1077 1814 1124 1865 vel
1156 1812 1239 1867 etiam
1272 1814 1329 1869 sicr

160 1893 253 1939 mento
273 1886 444 1955 obligentur.
767 1896 902 1957 appetant
929 1890 1014 1941 decas
1042 1890 1187 1944 bellatoria
1208 1892 1273 1960 eqai
1296 1893 1330 1945 li·

195 1968 220 2019 2.
233 1964 368 2018 achileum
380 1964 610 2033 adolescentiam]
626 1966 666 2021 Ut
675 1982 725 2036 pa·
767 1966 914 2019 beralitate
936 1966 1079 2035 principie
1105 1969 1270 2037 praebendi.
1296 1998 1330 2009 -

160 2047 202 2096 tet
234 2056 271 2095 ex
305 2039 487 2111 sequentibus
519 2060 725 2114 „maanrraqae
766 2042 878 2096 Illam
894 2041 1031 2109 signifieat
1049 2052 1077 2097 et
1097 2045 1226 2100 usitatum
1245 2046 1330 2101 fuisse

160 2118 556 2186 comitatam-meaarr,“
574 2120 602 2173 bi
620 2122 725 2175 aodilee
766 2120 796 2173 id
817 2119 933 2190 praemii
951 2136 1040 2187 genus
1058 2130 1087 2175 et
1109 2122 1193 2193 longe
1212 2126 1329 2179 alerissi·
1429 2179 1434 2191 ,,

159 2195 348 2251 adoleeeerrtee
365 2204 430 2251 sunt
443 2197 634 2268 principes
651 2199 724 2253 iace·
767 2214 849 2252 mum.
878 2226 913 2237 -
944 2197 1077 2253 Bellatar
1107 2218 1192 2269 equae
1220 2204 1329 2269 (Germ.

160 2272 216 2327 aeli
231 2281 329 2327 aetate.
767 2274 926 2343 Streitrose)
944 2274 1054 2346 poetico
1068 2294 1144 2331 more
1163 2278 1330 2347 dictumest,

194 2350 344 2421 ancipitia]
365 2349 383 2406 i.
399 2367 425 2407 e.
438 2351 572 2421 pericula
583 2351 657 2421 belli,
676 2350 724 2407 ubi
766 2370 850 2423 quem
872 2352 1010 2422 expressit
1031 2353 1160 2420 Tacitus,
1186 2364 1217 2410 ut
1244 2359 1331 2413 multa

160 2424 249 2481 virtus
264 2427 416 2483 enitescere
433 2428 530 2498 possit,
550 2437 581 2481 ut
599 2428 724 2504 loquitur
766 2431 831 2497 alia,
853 2447 888 2483 ex
906 2429 1041 2501 Virgili03
1068 2431 1103 2489 cl.
1121 2434 1191 2488 Aen.
1212 2434 1253 2505 X,
1271 2442 1330 2495 891.

160 2502 309 2560 salissam
327 2507 362 2560 de
385 2505 505 2561 Caesare
526 2503 585 2560 Cat.
607 2512 649 2570 54,
669 2512 693 2562 4.
765 2506 825 2571 XI,
846 2513 887 2563 89.
914 2506 1019 2577 Georg.
1038 2508 1081 2573 II,
1108 2516 1164 2567 115.
1202 2511 1244 2565 De
1270 2513 1329 2567 uni·

194 2581 363 2653 alareecemt]
386 2582 430 2637 Ita
448 2585 510 2638 cod.
528 2583 561 2640 P.
579 2601 642 2637 cum
661 2585 724 2653 plu·
766 2601 847 2639 verso
866 2603 917 2638 usu
939 2585 1125 2652 substantiva,
1148 2588 1249 2659 quibus
1267 2609 1330 2661 per-

159 2659 631 2732 rimisremelioribus30lareeearrt
642 2661 724 2731 pauci
766 2679 836 2717 sona
854 2661 1035 2731 significatur,
1053 2682 1104 2734 pro
1124 2666 1267 2721 adieetivis
1279 2686 1330 2740 po·

160 2754 194 2793 aa
210 2737 373 2792 deteriores.
766 2739 852 2794 nendi
871 2758 896 2795 v.
916 2741 952 2793 ad
971 2739 1036 2795 Sall.
1057 2740 1117 2797 Cat.
1137 2750 1161 2807 5,
1182 2750 1205 2801 4.
1228 2747 1272 2799 ed.
1290 2746 1329 2801 Il.

194 2815 313 2883 matra]
332 2814 377 2869 Ita
391 2815 472 2877 Pam
490 2822 620 2869 mecam
634 2816 724 2882 KRd3
800 2816 882 2870 illam
890 2826 1031 2871 cracatam
1039 2820 1331 2890 —sramealeuum

159 2891 374 2957 masculari,
398 2899 428 2945 ut
450 2893 536 2964 vulgo
550 2892 653 2957 ‚editur
674 2897 722 2949 ad·
758 2896 907 2962 frameam
932 2893 1050 2965 quisque
1071 2913 1104 2951 uc
1129 2906 1233 2953 sautum
1259 2901 1330 2957 aoei-

158 2969 271 3023 modum
292 2970 405 3023 absone.
442 2970 514 3024 Nam
538 2970 601 3025 luae
619 2965 722 3027 ‘clarius
765 2980 861 3043 peret,
887 2971 935 3025 ubi
954 2972 1071 3042 primum
1089 2974 1170 3029 ermis
1189 2980 1329 3046 gestandis

159 3054 219 3109 eat,
241 3046 295 3100 boc
316 3047 352 3100 de
376 3047 527 3103 Garamam
549 3054 671 3115 tantum,
695 3057 724 3104 et
765 3066 818 3121 per
841 3047 1019 3104 indicabatur
1043 3052 1092 3116 (ef.
1112 3070 1134 3109 c.
1156 3059 1200 3121 13,
1224 3054 1271 3121 1,),
1296 3076 1329 3113 ac

159 3122 271 3194 quidem
290 3124 325 3176 de
338 3139 435 3180 eornm
448 3125 626 3195 principibus
639 3127 722 3181 comi·
765 3134 824 3181 tum
834 3144 943 3197 semper
952 3130 1058 3182 armati
1065 3140 1180 3199 agerent
1189 3132 1235 3199 (cf.
1243 3132 1330 3205 ibid),

159 3207 248 3255 tutum
261 3198 430 3255 habentibus
449 3202 548 3255 eodem
560 3205 644 3257 modo
658 3204 723 3271 dici,
765 3205 919 3273 arripere
934 3208 1083 3274 frameam
1103 3225 1157 3261 non
1184 3218 1277 3279 potest
1295 3216 1329 3267 de

159 3294 216 3351 qno
241 3278 324 3349 paulo
351 3288 416 3333 ante
438 3278 596 3333 clarermmt
620 3280 723 3337 dictum
766 3282 935 3352 postulanda
957 3292 1096 3339 armatura
1124 3284 1152 3338 in
1172 3286 1330 3345 universum

158 3364 212 3427 eet3
231 3363 260 3410 at
276 3356 448 3411 conemrctioo
462 3356 622 3411 continetur
639 3376 724 3429 gene·
767 3359 902 3427 intelligi,
930 3362 1033 3432 quippe
1055 3380 1136 3433 quem
1162 3382 1257 3420 omnes
1276 3367 1330 3422 iam

158 3434 545 3500 ralissententia,adomnee‚
564 3434 724 3507 quicunque
766 3436 922 3501 habebant,
955 3441 1003 3492 sed
1037 3442 1071 3493 de
1105 3446 1262 3513 expetenda
1296 3463 1330 3501 ea

158 3511 178 3565 ii
189 3520 262 3577 eunt,
275 3510 426 3582 pertinens,
446 3511 526 3581 queri
541 3515 615 3584 apud
628 3531 724 3569 omnes
765 3514 882 3577 framea,
896 3532 968 3585 quae
982 3517 1143 3586 vulgaribus
1156 3520 1331 3590 splendidior

158 3589 291 3660 populos,
310 3588 393 3643 etiam
407 3589 556 3654 Romanos,
576 3590 723 3646 comitatus
761 3592 922 3663 praemium
943 3594 1067 3649 militare
1086 3597 1235 3653 elabatur.x
1251 3598 1330 3663 Quae

159 3666 188 3721 in
204 3684 255 3721 usu
275 3666 386 3721 fuerint.
415 3667 499 3731 Quod
515 3667 615 3739 ntique
628 3670 723 3724 abeur·
766 3668 832 3741 quie
852 3670 1008 3725 testimonio
1029 3680 1089 3726 erat
1108 3691 1251 3729 caesaram
1268 3677 1330 3731 boe·

159 3747 225 3798 dum
245 3750 293 3799 ost
765 3748 834 3802 tiam
845 3749 1170 3817 aasortiamfactoram,
1183 3763 1331 3822 propterea

194 3826 217 3877 3.
241 3821 367 3890 Eaipaat
391 3820 464 3875 caim
487 3824 552 3889 etc]
577 3822 724 3879 Sententia
766 3826 869 3882 dicitur
893 3835 1006 3882 craeata
1029 3828 1188 3899 viatrirrqae.
1224 3830 1330 3887 Similia

159 3899 257 3954 borum
285 3900 434 3953 verborum
463 3901 549 3969 paulo
576 3902 723 3957 obscurior
766 3906 841 3975 apud
860 3903 1002 3959 Romanos
1021 3913 1100 3959 erant
1124 3906 1231 3961 virtutis
1249 3928 1328 3981 prae·

157 3979 230 4031 haec
248 3984 306 4030 est:
331 3976 482 4031 Pomtam
498 3979 641 4033 comites
658 3981 723 4048 (hoc
765 3981 835 4051 mie3
855 3982 889 4035 cf.
911 3981 978 4039 Sall.
999 3984 1059 4052 lug.
1082 3989 1123 4048 85,
1142 3990 1182 4040 29.
1202 3984 1249 4041 ubi
1268 3988 1328 4043 Ma·

159 4052 233 4109 enirn
251 4054 407 4109 subiectum
432 4072 468 4109 ex
492 4072 657 4126 praegresso
678 4076 723 4112 co·
764 4058 822 4113 rius
847 4060 882 4111 de
903 4076 948 4113 se:
973 4078 1089 4129 porram
1113 4070 1263 4129 ostentare,
1290 4065 1330 4120 in-

157 4131 284 4185 mitatam
296 4148 347 4201 per
364 4132 476 4202 synesin
487 4132 723 4203 intelligendum),
766 4136 834 4207 quit,
844 4135 949 4203 lastae,
961 4137 1100 4205 oeaillam,
1109 4140 1256 4210 phaleras,
1267 4144 1330 4199 alia

159 4208 281 4263 otiosum
300 4208 462 4263 comitatam
483 4226 570 4279 aegre
591 4212 723 4280 ferentes,
765 4213 905 4267 militaria
925 4215 1009 4269 duaa.
1028 4214 1095 4269 Tac.
1111 4222 1183 4271 Ann.
1203 4218 1240 4282 II,
1260 4226 1284 4284 9,
1304 4227 1328 4276 3.

158 4294 189 4341 ut
205 4285 262 4339 eibi
280 4284 449 4341 liberalitate
463 4288 604 4357 principie
624 4290 724 4359 copia
764 4290 884 4345 Flamma
904 4299 988 4345 atrata
1004 4292 1154 4364 stipendia,
1173 4304 1330 4367 torquem

151 4361 323 4432 fiatilliue
334 4362 478 4418 bellatoria
488 4366 647 4435 eqni,=at
655 4368 723 4434 sor·
765 4376 797 4421 et
810 4384 975 4422 corariam
992 4370 1134 4441 aliaque
1152 4375 1329 4429 militaria

158 4439 289 4497 amma
307 4440 338 4495 ia
360 4441 432 4495 lello
447 4443 604 4512 mactatae
617 4462 723 4516 prae·
765 4447 860 4500 dana
878 4452 1019 4504 memorat.

211 4535 306 4578 rucrr.
321 4537 410 4579 anau.
1099 4534 1122 4601 4
