3067 4867
207 298 249 354 VI
680 296 911 355 PRAEFATIO.

206 471 294 552 licet,
315 470 491 538 Germania
507 491 615 556 neque
638 470 672 534 in
693 469 843 536 omnibus
866 470 986 536 scholis
1007 492 1115 557 neque
1134 471 1229 538 certis
1248 471 1374 539 vicibus

207 581 343 669 legitur,
374 582 431 647 sed
460 581 583 668 passim
618 590 744 644 tantum
772 603 879 666 neque
906 590 1025 648 statuto
1053 581 1176 648 biennii
1204 582 1373 648 intervallo

207 693 331 780 primae
364 692 480 758 classis
516 691 654 756 alumnis
688 692 919 775 cognoscenda
950 692 1152 779 proponitur.
1195 691 1298 759 Cuius
1326 693 1374 758 rei

208 826 354 870 caussam
387 802 415 868 si
443 800 645 886 quaerimus,
679 823 746 866 non
773 801 903 867 videtur
929 803 965 866 in
992 802 1097 889 ipsius
1128 801 1230 868 libelli
1262 802 1373 868 indole

206 936 313 999 neque
341 913 376 976 in
404 912 546 1000 quodam
576 912 644 976 eius
675 922 880 998 contemptu,
914 912 972 976 sed
1002 913 1036 977 in
1063 912 1258 993 editionum,
1277 934 1373 997 -quae

206 1023 481 1100 circumferuntur,
501 1044 614 1109 pamm
634 1030 712 1108 apta
729 1021 853 1087 ratione
868 1022 976 1108 posita
993 1043 1075 1087 esse.
1111 1022 1260 1105 Quamm
1275 1045 1374 1108 quum

207 1134 328 1222 duplex
349 1156 453 1218 genus
476 1132 533 1210 sit,
559 1132 694 1197 alterum
717 1131 807 1196 nuda
829 1131 969 1198 auctoris
992 1132 1090 1198 verba
1111 1135 1299 1210 continens,
1327 1131 1373 1198 al·

206 1258 310 1312 terum
332 1242 571 1309 commentariis
591 1242 793 1320 instructum,
813 1241 893 1305 illud
913 1242 1045 1328 quidem
1065 1243 1099 1307 in
1114 1243 1241 1330 magnis
1260 1241 1373 1308 variis-

208 1343 272 1441 que
295 1352 553 1430 difficultatibus,
577 1373 662 1438 quae
684 1375 783 1437 quum
805 1353 839 1416 in
861 1351 967 1418 verbis
992 1363 1060 1416 tum
1081 1352 1116 1418 in
1136 1352 1234 1418 rebus
1254 1353 1374 1430 insunt,

206 1466 332 1531 facilem
348 1462 449 1529 libelli
467 1462 664 1527 intellectum
679 1485 795 1549 pamm
813 1462 910 1539 iuvat,
931 1483 1036 1547 neque
1055 1462 1089 1526 id
1109 1462 1236 1529 efficere
1256 1473 1373 1549 potest,

206 1588 243 1642 ut
265 1573 487 1640 adolescentes
511 1573 553 1637 ad
575 1572 748 1658 legendam
763 1572 975 1638 Germaniam
997 1571 1185 1638 alliciantur.
1221 1573 1269 1638 At
1290 1593 1374 1656 quae

208 1710 279 1765 eam
303 1683 540 1750 commentariis
565 1681 757 1748 illustratam
778 1681 870 1759 dant,
902 1681 1092 1768 plerumque
1123 1693 1247 1747 tantum
1272 1681 1373 1761 abest,

207 1809 243 1863 ut
265 1795 431 1861 studiosae
450 1792 629 1858 rationibus
649 1791 822 1856 iuventutis
842 1793 1022 1870 consulant,
1044 1803 1080 1856 ut
1096 1791 1194 1857 rebus
1215 1791 1373 1858 alienissi-

208 1909 269 1977 mis
289 1918 343 1973 aut
363 1927 496 1992 prorsus
516 1903 646 1968 incertis
667 1902 772 1968 allatis
792 1901 972 1989 impediant
988 1901 1196 1980 intellectum,
1217 1901 1375 1988 impetum

208 2017 371 2085 retardent
391 2036 599 2099 amoremque
620 2013 842 2100 cognoscendi
860 2013 1016 2078 minuant.
1054 2012 1156 2095 Quod
1177 2011 1234 2100 qui
1254 2013 1375 2078 factum

208 2129 268 2207 sit,
297 2149 365 2194 non
393 2125 524 2190 difficile
554 2123 672 2189 estad
699 2122 881 2190 videndum
927 2122 1039 2205 Quum
1065 2121 1150 2188 enim
1178 2122 1317 2209 plurima
1340 2121 1375 2186 in

209 2238 385 2308 Germania
405 2234 554 2322 legantur
572 2233 684 2299 leviter
706 2233 890 2320 significata
905 2229 1014 2318 potius
1034 2255 1132 2317 quam
1147 2243 1295 2297 accurate
1317 2232 1375 2296 de-

209 2350 338 2426 clarata,
360 2346 484 2434 quippe
507 2365 592 2430 quae
608 2343 743 2410 Tacitus
764 2343 815 2408 vel
837 2366 904 2410 non
923 2351 1036 2430 posset
1056 2341 1194 2419 tradere,
1217 2341 1377 2428 quianon

209 2466 422 2546 compererat,
443 2456 495 2524 vel
515 2478 576 2543 pro
590 2465 733 2521 veterum
749 2453 994 2532 consuetudine,
1017 2451 1118 2518 multa
1131 2451 1377 2540 negligentium,

210 2593 294 2657 quae
322 2568 406 2636 scire
434 2578 545 2634 nostra
572 2565 683 2651 magni
713 2565 862 2642 interest,
891 2563 1050 2650 attingere
1079 2563 1196 2642 nollet,
1226 2562 1376 2638 editores,

210 2703 295 2771 quae
322 2680 357 2746 in
388 2680 464 2766 ipso
493 2677 652 2763 scriptore
679 2676 731 2741 vel
760 2674 900 2742 obscura
926 2674 977 2740 vel
1003 2695 1120 2740 manca
1149 2683 1241 2750 sunt,
1272 2670 1377 2738 doctis

210 2789 448 2860 commentariis
476 2789 637 2854 illustrare
668 2797 766 2872 atque
795 2807 1006 2872 compensare
1035 2784 1144 2850 conati
1172 2794 1257 2850 sunt.
1308 2779 1377 2850 Sed

210 2924 406 2992 quamquam
428 2900 474 2966 ita
500 2898 602 2964 multa
629 2898 709 2964 satis
734 2895 906 2962 commode
933 2894 1183 2981 expediverunt‚
1213 2905 1323 2966 tamen
1342 2891 1377 2958 in

210 3014 282 3080 aliis
302 3013 403 3098 longe
424 3033 443 3075 a
463 3010 597 3076 veritate
619 3007 809 3073 discessisse
830 3004 1051 3092 reperiuntur,
1074 3026 1182 3090 neque
1203 3025 1276 3070 eam
1293 3002 1378 3068 viam

210 3125 338 3204 iniisse,
370 3145 436 3208 qua
465 3120 499 3185 in
532 3117 727 3205 explicanda
758 3115 936 3184 Germania
967 3114 1185 3180 incedendum
1216 3123 1377 3200 putamus.

209 3234 287 3309 Rati
308 3234 393 3302 enim
415 3229 610 3300 Germaniae
629 3229 823 3314 interpretes
845 3227 995 3292 Tacitum
1017 3246 1083 3293 non
1106 3247 1147 3290 ex
1172 3245 1207 3290 se
1228 3223 1303 3309 ipso
1326 3221 1378 3286 in-

211 3344 422 3432 telligendum
446 3351 545 3428 atque
570 3338 814 3425 explicandum,
835 3336 904 3414 sed,
928 3357 1011 3421 quae
1033 3335 1123 3422 apud
1144 3333 1235 3398 illum
1255 3333 1380 3398 incerta

212 3479 250 3526 ac
269 3454 369 3522 dubia
390 3462 446 3518 aut
467 3449 667 3517 subobscura
688 3448 857 3534 leguntur,
879 3444 1033 3512 adhibitis
1056 3445 1213 3512 seriorum
1232 3442 1378 3510 testimo·

211 3567 275 3634 niis
301 3562 507 3641 illustranda,
535 3558 755 3626 confirmanda
776 3565 832 3622 aut
853 3555 1038 3646 supplenda
1057 3575 1148 3633 esse,
1174 3552 1314 3641 plurima
1339 3573 1379 3617 ex

211 3674 311 3745 medii
331 3673 402 3740 aevi
429 3670 641 3760 scriptoribus
663 3677 916 3755 congessemnt,
948 3687 1050 3751 quae,
1078 3677 1115 3730 ut
1140 3663 1220 3728 mihi
1247 3661 1380 3748 quidem

211 3787 356 3865 videtur,
395 3804 510 3871 pamm
540 3781 662 3848 iaciunt
695 3779 739 3844 ad
774 3777 880 3842 lucem
911 3773 1108 3844 Germaniae
1137 3771 1379 3848 ali'undendam¹

212 3916 432 3984 magnamque
453 3902 578 3979 partem
597 3913 683 3957 vana
706 3899 804 3973 atque
823 3885 950 3955 inutilia
969 3884 1180 3972 reperiuntur.
1215 3883 1301 3948 Nam
1322 3879 1380 3968 qui

212 4005 420 4095 reputaverit,
439 4021 652 4088 quamsaepe
670 4000 735 4065 iam
755 3996 987 4083 antiquissimis
1008 3993 1210 4082 temporibus
1226 3989 1381 4058 Germani

214 4114 540 4202 sedes-mutaverint,
569 4121 709 4197 quantae
734 4108 854 4173 deinde
881 4107 1076 4174 mutationes
1103 4126 1141 4170 ae
1167 4125 1273 4170 rerum
1301 4123 1383 4173 cona

214 4228 380 4310 versiones
405 4222 593 4309 ingentibus
620 4219 686 4285 illis
714 4226 748 4284 et
773 4217 935 4282 continuis
964 4215 1109 4301 gentium
1133 4209 1382 4300 migrationibus

215 4338 292 4411 iude
318 4358 337 4405 a
359 4334 469 4412 seculo
492 4332 586 4401 tertio
607 4341 736 4400 tecuae
757 4327 837 4408 siut,
867 4337 1024 4416 quantum
1046 4321 1185 4414 denique
1207 4320 1383 4392 christiana
