3067 4867
859 126 978 257 aigSir
991 157 1033 263 ia}
1063 199 1126 247 ’ἢν

361 303 412 357 on
433 300 564 357 raeiri
582 265 693 368 vrrs,
717 156 1167 478 chb'grcmnsr

904 401 1086 462 ᾸΗΡΟΒΝΙΑ·

170 489 252 567 VH,
275 490 335 566 20,
358 490 413 567 4.).
457 491 540 557 Inde
568 492 608 555 ab
633 491 852 557 adolescentia
874 503 906 566 et
927 492 1024 560 huius
1045 494 1122 557 artis
1144 493 1271 570 studio,
1303 505 1334 558 ct

172 610 348 663 ceterarum
370 600 527 665 bonarum
552 601 728 666 litterarum
750 622 859 666 amore
882 624 919 665 ac
940 615 1053 667 mutuo
1078 603 1280 679 commercio,
1303 614 1335 667 et

169 730 295 775 morum
326 710 535 775 similitudine
566 711 598 775 in
629 710 708 777 recti
730 710 923 795 honestique
946 709 1043 777 sensu
1065 714 1273 798 conspirante
1296 710 1333 777 C.

168 818 277 885 Plinio
307 818 461 885 Secundo
489 820 773 885 coniunctissimus
801 820 878 895 luit,
912 822 1005 885 cuius
1034 844 1124 886 rarae
1147 832 1179 887 et
1200 788 1355 907 prorsusi

165 928 320 1015 ,egregiae
350 930 509 995 amicitiae
539 929 708 1015 complura
739 940 867 994 exstant
889 931 929 995 ‘in
950 931 1050 995 Plinii
1070 932 1216 1018 epistolis
1242 909 1353 1027 testi-i}

170 1038 279 1103 monia
301 1036 351 1115 (cf.
373 1039 400 1115 1,
420 1038 449 1101 6.
478 1040 506 1116 Ι,
528 1040 580 1103 20.
608 1042 669 1117 IV,
694 1041 789 1117 15,1.
819 1041 897 1115 VH,
920 1040 971 1103 20.
1000 1042 1076 1117 vlt,
1093 1044 1143 1107 33.
1168 1042 1263 1115 VIII,
1280 1035 1354 1145 7.).}

171 1148 376 1231 Quamquam
405 1160 511 1213 autem
534 1149 576 1213 ob
600 1159 721 1213 tantam
743 1148 866 1234 ingenii
891 1150 1053 1234 animique
1075 1150 1223 1213 virtutem
1246 1172 1333 1213 surn-

171 1279 319 1341 mamque
346 1258 553 1325 concordiam
581 1258 627 1321 ita
656 1259 732 1323 clari
760 1271 868 1333 erant,
895 1270 930 1322 ut
958 1282 1025 1323 non
1056 1259 1160 1323 solum
1188 1260 1221 1322 in
1243 1260 1334 1333 urbe,

171 1366 228 1431 sed
262 1378 330 1432 tota
362 1368 458 1431 Italia
485 1368 609 1453 primae
633 1368 673 1433 iis
697 1368 897 1433 deferrentur
923 1368 974 1449 (cf.
996 1370 1082 1455 Epp.
1104 1369 1173 1444 IX,
1195 1370 1264 1445 23),
1296 1391 1335 1455 ac

170 1486 283 1541 neuter
311 1476 381 1543 sine
408 1478 510 1542 altero
528 1478 775 1555 nominaretur,
806 1478 935 1541 Plinius
961 1489 1068 1541 tamen
1090 1478 1194 1542 libens
1217 1478 1333 1544 Tacito

171 1586 295 1673 priores
332 1588 511 1665 concessit,
549 1610 622 1653 eum
656 1588 839 1673 exemplum
873 1587 934 1652 sibi
968 1610 1006 1652 ac
1039 1588 1226 1672 magistrum
1262 1610 1334 1653 asse

171 1696 337 1761 confessus
359 1696 459 1783 (Epp.
482 1698 566 1773 VII,
588 1698 661 1774 20).

253 1806 427 1893 Stipendia
455 1806 571 1871 fecisse
602 1806 751 1871 Tacitum
777 1806 1015 1870 adolescentem
1037 1829 1104 1870 non
1128 1805 1233 1870 solum
1255 1828 1334 1871 con-

171 1926 357 1981 sentaneum
388 1926 436 1981 est
466 1916 546 1981 mori
576 1916 725 1981 Romano
756 1916 932 2000 antiquitus
955 1927 1087 2001 recepto
1111 1916 1249 1980 necdum
1270 1915 1335 1983 illis

171 2025 371 2113 temporibus
393 2025 533 2101 abolito,
555 2026 614 2089 sed
637 2025 732 2089 etiam
755 2025 951 2111 perspicitur
972 2047 1011 2089 ex
1034 2024 1180 2111 plurimis
1200 2048 1335 2111 operum

172 2136 240 2202 eius
270 2135 367 2213 locis,
401 2134 520 2219 quibus
551 2146 581 2199 et
607 2156 658 2199 res
680 2133 833 2199 militares
857 2158 982 2199 summa
1003 2135 1119 2221 peritia
1141 2146 1237 2219 atque
1260 2158 1336 2200 cura

172 2246 338 2321 describit,
373 2256 404 2308 et
432 2244 578 2309 militaris
610 2244 803 2329 disciplinae
833 2261 864 2310 et
886 2245 1008 2329 gloriae
1028 2245 1074 2308 ita
1094 2266 1130 2309 se
1152 2245 1335 2311 studiosum

171 2356 327 2432 ostendit,
360 2364 394 2419 ut
426 2364 576 2419 neutrum
609 2354 781 2419 convenire
813 2354 960 2419 videatur
992 2355 1055 2419 nisi
1088 2355 1136 2429 ei,
1177 2355 1232 2438 qui
1264 2356 1358 2441 ipse,

171 2465 261 2529 miles
276 2464 393 2529 fuisset
414 2464 586 2549 animoque
609 2464 739 2527 militari
761 2476 847 2528 esset
868 2464 1020 2531 imbutus.
1060 2464 1204 2546 Quando
1227 2475 1258 2527 et
1280 2463 1336 2527 ubi
1358 2443 1367 2456 .

170 2575 203 2637 in
226 2575 369 2640 exercitu
389 2574 500 2650 fucrit,
528 2576 599 2660 ipse
622 2596 782 2657 nusquam
805 2574 910 2639 tradit.
955 2574 1068 2656 Quare
1089 2574 1263 2639 admodum
1285 2574 1335 2637 in·
1358 2554 1361 2558 7

171 2684 342 2769 geniosum
365 2696 427 2761 est,
462 2685 551 2768 quod
573 2683 759 2748 Fridericus
782 2684 927 2748 Haasius
950 2683 1105 2760 coniecit,
1138 2683 1240 2747 videri
1263 2706 1336 2747 eum

172 2794 210 2859 ab
238 2793 414 2879 Agricola,
452 2818 551 2878 quum
579 2795 607 2857 is
637 2816 721 2857 anno
750 2793 800 2859 74.
831 2816 863 2878 p.
891 2792 967 2861 Chr.
1013 2792 1210 2876 Aquitaniae
1240 2815 1335 2878 prae-

172 2915 362 2989 poneretur,
388 2904 550 2970 tribunum
574 2904 724 2981 ascitum,
753 2913 785 2966 et
806 2902 840 2965 in
863 2902 932 2967 eius
955 2901 1168 2967 contubernio
1192 2924 1251 2988 per
1271 2912 1336 2967 tres

171 3014 237 3079 lere
270 3036 373 3079 annos
405 3024 565 3077 versatum
603 3035 684 3078 esse.
743 3012 940 3097 Congruunt
974 3034 1046 3077 cum
1082 3011 1144 3075 hac
1180 3012 1338 3077 sententia

172 3123 275 3214 ipsius
298 3123 413 3187 aetatis
438 3124 529 3198 anni3
563 3146 638 3187 nam
661 3124 688 3187 si
710 3146 736 3189 a.
760 3122 802 3187 56
823 3133 918 3186 natus
940 3122 1016 3198 fuit,
1041 3120 1337 3186 duodevicesimum

173 3232 291 3318 agebat
326 3255 463 3308 annum,
501 3256 600 3316 quum
633 3232 723 3296 miles
753 3232 858 3295 factus
890 3243 954 3307 est,
992 3232 1082 3315 quod
1111 3243 1178 3296 erat
1207 3231 1336 3295 solitum

174 3353 300 3429 tempus
321 3342 459 3413 ,militiae
487 3342 724 3428 auspicandae;
753 3342 905 3425 congruit
932 3343 1027 3407 etiarn
1049 3340 1207 3427 prolixior
1229 3352 1261 3404 et
1282 3362 1337 3404 ac-

173 3452 311 3517 curatior
348 3452 389 3515 de
425 3452 600 3537 Agricolae
641 3451 918 3515 administratione
956 3451 1152 3535 Aquitaniae
1187 3449 1337 3526 narratio,

173 3562 248 3627 inde
270 3562 466 3647 repetenda,
489 3562 578 3646 quod
601 3562 673 3647 ipse
695 3561 754 3625 has
777 3582 828 3623 res
850 3562 939 3637 vidit,
962 3571 1059 3644 atque
1078 3558 1236 3634 interluit3
1259 3580 1338 3622 con-

174 3672 260 3757 gruit
302 3671 461 3756 denique,
503 3672 592 3756 quod
628 3670 681 3735 ille
717 3670 899 3735 tribunatus
937 3670 997 3734 sub
1032 3669 1191 3753 Agricola
1226 3679 1339 3753 gestus

174 3804 324 3847 caussam
358 3781 548 3867 praebuisse
575 3781 718 3858 videtur,
759 3804 818 3845 cur
849 3781 878 3844 is
909 3780 1007 3845 filiam
1036 3801 1128 3843 suam
1158 3778 1275 3843 Tacito
1307 3777 1339 3842 in

174 3892 411 3958 matrimonium
445 3892 536 3955 daret
566 3890 619 3975 (ci.
649 3890 761 3973 Agric.
791 3912 817 3955 c.
849 3891 883 3966 9,
911 3891 966 3971 7.).
1009 3888 1094 3953 Nam
1116 3900 1152 3950 ut
1173 3888 1267 3953 facile
1287 3887 1339 3951 in·

174 4002 347 4087 telligitur‚
382 4012 414 4066 et
446 4002 606 4086 legatum,
640 4000 667 4063 si
697 4000 832 4065 Tacitus
859 4000 892 4062 in
922 3998 991 4063 eius
1019 3996 1231 4062 contubernio
1263 4009 1340 4073 erat,

175 4112 296 4198 optime
333 4134 405 4179 eum
441 4111 610 4175 aestimare
642 4122 672 4173 et
706 4109 892 4195 perspicere
925 4108 1089 4195 potuisse,
1126 4129 1235 4191 neque
1266 4105 1341 4170 huic

175 4221 380 4290 occasionem
418 4219 559 4284 defuisse
595 4219 637 4282 ad
674 4219 905 4285 efflorescentia
942 4217 1071 4305 puellae
1104 4240 1246 4285 amorem
1278 4216 1341 4282 sibi

175 4330 425 4407 conciliandum,
448 4330 492 4393 ita
518 4330 633 4397 mirum
656 4352 735 4393 sane
753 4328 855 4392 videri
876 4327 1001 4404 debeat,
1022 4326 1212 4413 Agricolam
1235 4326 1341 4397 statim

1084 4430 1100 4491 1
1109 4428 1126 4465 ²3
