3067 4867
120 411 122 414 ·
204 392 248 459 90
622 386 807 451 CORNELII
825 392 958 451 TAOITI

203 562 291 627 idern
318 562 471 629 sacerdos
496 563 642 630 satiatam
666 566 911 633 conversatione
934 567 1115 635 mortalium
1138 568 1231 636 deam
1254 568 1379 655 templo

204 672 328 741 reddat.
370 674 454 737 Mox
475 673 658 739 vehiculum
680 685 713 739 et
733 688 839 743 vestes
866 688 915 755 et,
942 678 969 741 si
992 678 1122 745 credere
1143 678 1234 754 velis,
1257 693 1407 745 numen5

204 782 313 869 ipsum
341 794 465 848 secreto
495 783 567 849 lacu
595 783 744 853 abluitur.
799 785 891 851 Servi
921 787 1117 866 ministrant,
1156 782 1239 871 quoe
1270 788 1379 853 statim

203 892 289 957 idem
312 892 401 957 lacus
424 892 539 959 haurit.
582 895 732 962 Arcauua
755 895 832 961 bino
854 906 956 961 terror
978 907 1156 981 sanctaque
1181 897 1380 981 ignorantia,

205 1002 284 1086 quid
308 1002 350 1066 eit
369 1001 466 1080 illud,
490 1003 580 1089 quod
602 1014 727 1068 tantum
749 1005 884 1091 perituri
907 1004 1025 1075 vident.

287 1112 384 1179 XLI.
427 1113 472 1177 Et
493 1112 574 1179 haec
595 1113 726 1196 quidem
749 1137 827 1201 para
843 1114 1025 1181 Sacrorum
1046 1116 1079 1179 in
1101 1117 1276 1183 secretiora
1290 1115 1378 1183 Ger-

202 1223 330 1286 maniae
344 1222 529 1308 porrigitur.
571 1223 724 1309 Propior,
741 1225 803 1306 (ut,
820 1225 985 1309 quomodo
1003 1224 1102 1310 paulo
1124 1235 1200 1293 ante
1214 1226 1406 1302 Rhenum

204 1331 251 1397 sio
282 1353 370 1397 nuno
401 1331 593 1397 Danubium
625 1333 769 1418 aequam)
806 1336 1110 1401 Hermundurorum
1144 1335 1275 1413 civitas,
1309 1336 1381 1401 fida

201 1440 377 1517 Romanis3
407 1463 512 1526 eoque
537 1440 616 1507 solis
638 1442 876 1509 Germanorum
896 1466 962 1509 non
989 1444 1022 1509 in
1044 1446 1116 1531 ripa
1137 1446 1378 1521 commercium,

202 1550 261 1615 sed
277 1550 415 1637 penitus
429 1563 526 1636 atque
547 1552 582 1615 in
597 1552 861 1637 splendidissima
874 1554 1010 1621 Raetiae
1026 1555 1215 1641 provinciae
1237 1554 1379 1623 colonia.

201 1661 331 1725 Passim
361 1673 393 1726 et
421 1661 493 1727 sine
521 1662 658 1727 custode
686 1671 872 1739 transeunt,
903 1675 935 1729 et
958 1687 1058 1751 quum
1081 1664 1198 1729 ceteris
1222 1664 1405 1749 gentibus3

202 1792 290 1836 arma
309 1771 409 1837 modo
432 1782 603 1858 castraque
623 1783 735 1836 nostra
757 1773 980 1851 ostendamus,
1004 1773 1054 1839 his
1077 1774 1193 1839 domos
1215 1772 1379 1858 villasque

234 1973 349 2043 templo]
367 1972 385 2027 i.
398 1991 422 2027 e.
435 1973 560 2039 nemore}
579 1991 603 2025 v.
617 1975 654 2027 ad
669 1992 693 2029 c.
704 1979 729 2037 9,
739 1979 764 2029 3.
809 1974 1001 2029 commercium
1013 1980 1054 2029 est
1066 1982 1163 2029 tenue
1175 1976 1378 2040 commercium,

203 2050 348 2118 Templum
362 2050 434 2103 enim
448 2052 483 2103 de
496 2051 594 2118 quovis
608 2050 671 2105 loco
686 2068 765 2105 sacro
809 2050 913 2121 quippe
941 2068 996 2105 uon
1024 2052 1098 2105 ultra
1122 2059 1270 2121 angustum
1295 2051 1379 2121 ripae

202 2126 410 2197 circumscripto
429 2126 539 2179 dicitur.
809 2128 928 2197 spatium
949 2135 1100 2183 extentum.
1125 2128 1194 2181 Tale
1211 2128 1298 2197 igitur
1309 2128 1379 2183 Tac.

235 2210 261 2258 5.
279 2204 394 2273 secreto]
409 2222 447 2257 sc.
460 2203 585 2271 undique
598 2202 766 2257 densissimis
809 2212 893 2273 negat
909 2204 995 2257 fuisse
1006 2205 1216 2275 Hermunduris,
1229 2207 1281 2259 sed
1293 2206 1379 2259 valde

201 2280 348 2333 arboribus
372 2280 480 2345 cincto,
505 2279 594 2349 qualis
614 2278 765 2333 etiamnum
809 2282 928 2351 amplum
947 2297 995 2334 eos
1015 2281 1174 2335 exercuisse
1195 2281 1270 2335 dicit.

201 2357 230 2409 in
249 2356 341 2410 insula
360 2356 454 2425 Rugia
476 2364 517 2409 est
537 2358 601 2424 (der
619 2359 764 2424 Barcaeo).
840 2358 962 2427 penitus]
982 2382 1016 2402 =
1029 2358 1057 2409 in
1073 2358 1203 2411 interiore
1221 2356 1380 2427 provincia.

234 2435 404 2501 ministraret]
420 2434 555 2487 Absolute
568 2433 689 2503 positum
703 2451 766 2487 ver·
843 2434 1072 2503 splendidissima
1084 2464 1119 2474 —
1132 2435 1253 2503 colonio]
1270 2452 1308 2489 sc.
1319 2436 1380 2488 Au·

200 2514 267 2565 bum
285 2510 423 2581 significat
440 2510 605 2578 ministerio,
624 2527 662 2563 sc.
676 2510 703 2563 in
718 2512 765 2563 ab·
809 2520 890 2581 gusta
908 2510 1130 2565 vindelicorum.
1209 2556 1211 2560 ,

200 2589 312 2657 luendo,
330 2590 436 2642 obeunt.
844 2593 867 2642 3.
890 2588 1007 2657 poesim]
1038 2587 1074 2642 H.
1098 2588 1116 2640 l.
1142 2588 1215 2643 velet
1244 2587 1378 2657 dispersi,

233 2668 343 2734 caueto]
364 2665 381 2720 i.
394 2682 417 2719 e.
436 2664 512 2717 nulla
531 2662 649 2734 profana
667 2679 700 2715 aa
717 2680 766 2732 pe·
808 2664 928 2732 scopuli,
956 2671 987 2716 ut
1010 2665 1108 2733 cuique
1133 2665 1216 2733 libea-
1245 2664 1314 2717 alias
1335 2672 1379 2720 est

200 2744 308 2797 tulante
332 2741 503 2797 scrutatione
527 2748 633 2793 tentata
658 2740 764 2807 (Germ.
809 2742 868 2795 eine
902 2740 1012 2805 ordine,
1043 2741 1176 2807 confuse,
1209 2740 1376 2810 permixtim.

200 2820 290 2875 durch
306 2820 405 2875 heiaor
425 2819 544 2873 Vorwita
564 2816 708 2884 eatweitt).
807 2837 833 2871 v.
852 2821 888 2871 ad
907 2818 1001 2887 Agric.
1020 2834 1043 2874 c.
1062 2823 1103 2882 37,
1122 2822 1146 2873 3.
1165 2818 1238 2871 infra
1257 2834 1281 2873 e.
1293 2823 1337 2883 46,
1350 2824 1376 2874 3.

235 2898 350 2966 tontum]
371 2915 396 2948 v.
415 2898 451 2949 ad
471 2913 494 2949 c.
511 2900 553 2959 29,
573 2899 598 2948 2.
842 2904 867 2950 et
884 2896 943 2949 aiae
961 2895 1084 2963 custode]
1106 2896 1146 2949 Et
1164 2898 1244 2950 deest
1264 2894 1293 2948 in
1312 2897 1375 2950 cod.

229 2974 362 3044 periture]
383 2971 477 3041 =qui
497 2969 627 3025 destinati
645 2977 710 3023 aunt
728 2971 765 3022 ad
807 2972 1082 3037 PRRabdfFKLM‚
1111 2974 1162 3027 sed
1191 2988 1254 3025 cum
1278 2989 1376 3027 sensus

199 3043 393 3123 pefebn'dum
412 3067 439 3101 v.
460 3049 540 3102 ad'c.
562 3052 601 3110 18,
620 3052 645 3101 3.
809 3050 991 3113 detriment03
1031 3066 1094 3101 nam
1130 3056 1225 3119 aperte
1259 3048 1377 3105 Tacitus

234 3128 308 3181 XLI.
329 3133 351 3181 1.
370 3125 531 3193 Simeonem]
559 3124 649 3177 Codd.
667 3140 764 3177 omnes
808 3129 877 3179 duos
895 3122 1056 3179 transeundi
1075 3126 1172 3179 modos
1186 3126 1298 3197 plenos,
1317 3144 1376 3181 non

198 3206 350 3261 verborum.
382 3202 511 3256 Correxit
528 3202 730 3255 Rhenanus.
808 3220 893 3257 unum
912 3200 1151 3271 circumscriptum
1169 3202 1302 3256 laudavit.

232 3280 395 3348 secretiora]
426 3278 444 3333 i.
472 3296 496 3334 e.
525 3278 693 3341 remotiora,
724 3294 763 3332 sc.
841 3279 901 3332 atae
915 3278 1029 3331 oratorie
1046 3278 1199 3347 uenerunt]
1215 3278 1308 3346 Vulgo
1317 3279 1378 3333 Ro·

199 3359 418 3431 septentrionem
437 3372 544 3420 versas,
563 3371 655 3424 eoque
673 3354 765 3407 murae
808 3356 882 3408 mani
906 3364 1052 3423 utramque
1075 3353 1165 3425 ripam
1184 3354 1380 3409 accolentibus

199 3437 320 3504 counita.
808 3432 926 3485 liberum
939 3431 1084 3484 transitum
1101 3448 1157 3483 non
1173 3432 1378 3500 concedebant,

233 3521 257 3570 2.
273 3512 404 3583 propior]
425 3528 462 3566 ac
484 3508 573 3575 nobis,
591 3508 638 3562 vel
656 3505 765 3578 imperii
808 3512 843 3563 da
857 3526 912 3579 qua
930 3525 961 3561 re
981 3506 1094 3577 insignia
1111 3508 1188 3560 locus
1202 3514 1244 3561 eet
1260 3506 1290 3560 in
1303 3507 1377 3563 Hist.

197 3591 319 3647 Romani
339 3589 451 3644 tinibus.
808 3586 857 3651 1V,
875 3591 921 3650 64,
940 3590 979 3653 2.,
1009 3583 1059 3639 ubi
1080 3582 1280 3640 Tencteri-sic
1306 3600 1378 3653 que·

232 3686 287 3738 quo
304 3661 585 3730 modo-Rhemum]
605 3666 766 3715 sonuum
806 3670 921 3717 runtur:
949 3662 1000 3714 Ad
1023 3660 1093 3714 bunc
1117 3662 1192 3715 diem
1207 3660 1379 3727 flumina

198 3765 274 3814 aum,·
295 3763 322 3798 v.
343 3745 379 3797 ad
399 3760 424 3797 c.
442 3747 466 3810 2,
480 3747 506 3795 4.
806 3758 840 3795 oc
866 3747 958 3793 terroe
985 3745 1010 3791 et
1036 3737 1141 3791 coelum
1167 3738 1378 3807 quodammodo

232 3817 510 3886 Hermundurorum]
551 3815 694 3879 Quantum
728 3828 764 3864 ex
806 3818 897 3887 mama
914 3815 1305 3881 clauseraatRomaaaut
1319 3813 1378 3869 eol·

196 3898 288 3955 Taciti
307 3895 494 3967 descriptione
512 3890 668 3954 coniicitur,
685 3886 764 3941 habi·
806 3893 902 3961 loquio
927 3898 953 3945 aa
975 3907 1138 3960 congruam
1164 3898 1274 3945 nostros
1297 3909 1378 3947 areo.

197 3980 296 4031 tabant
317 3976 346 4029 in
364 3992 399 4029 ea
417 3970 554 4027 Bavariae
573 3974 666 4037 parte,
690 3981 764 4035 quae
805 3968 962 4037 reat,·oel,
987 3970 1063 4036 quod
1086 3968 1311 4023 comumela'oae'ua
1337 3976 1379 4021 eat

198 4052 378 4117 aDannbio,
402 4047 451 4103 ubi
470 4047 627 4102 Ratisbona
644 4051 701 4107 est,
727 4042 764 4093 ad
805 4046 875 4099 ciria
894 4046 935 4099 od
952 4062 1034 4097 ormo
1052 4045 1141 4109 matre,
1165 4045 1318 4099 e'uermea
1342 4063 1378 4100 ac

198 4130 296 4185 silvam
320 4126 500 4181 Bohemicam
522 4122 654 4194 pertinet.
694 4119 763 4173 Far·
803 4138 894 4192 prope
910 4121 983 4173 audi
1001 4122 1060 4173 cub
1081 4122 1228 4175 custode
1246 4130 1277 4176 et
1290 4138 1377 4191 pre·

197 4215 271 4260 tasse
285 4205 370 4260 etiam
381 4205 455 4257 ultra
466 4220 527 4255 eam
539 4198 764 4270 porrigebantur.
806 4199 856 4252 tio
876 4198 1019 4251 cou'remue.

231 4284 263 4337 ia
280 4282 348 4351 ripa
366 4277 566 4345 comarereium]
586 4276 666 4344 Rapa
676 4289 764 4343 quum
841 4292 923 4345 quum
938 4304 971 4315 -
990 4272 1176 4342 ostendamus]
1203 4271 1292 4335 Quum
1310 4290 1376 4344 par-

199 4368 317 4429 angusto
343 4365 451 4411 tantum
475 4361 565 4407 tractu
590 4353 619 4405 in
643 4360 764 4419 atraque
806 4351 909 4405 ticnlae
927 4349 1090 4420 temporalia
1115 4358 1239 4419 potestas
1261 4350 1289 4405 in
1309 4368 1376 4405 con·

198 4434 317 4496 fluminis
346 4440 426 4508 parte
458 4439 579 4498 constet,
608 4429 648 4484 iu
674 4426 764 4499 ripa
807 4428 943 4485 censivam
971 4426 1089 4502 transit3
1118 4444 1144 4482 a.
1168 4429 1206 4485 ad
1232 4443 1257 4485 c.
1282 4432 1331 4499 36,
1349 4432 1376 4492 3,
