3067 4867
198 346 242 417 54
615 346 799 405 CORNELII
817 346 954 405 raam

202 546 287 601 tutes
310 538 451 625 spatium
473 537 705 624 exemplorum.
750 538 818 605 Sed
841 538 946 625 primo
966 536 1103 605 Cerialis
1124 535 1252 604 labores
1274 538 1372 605 modo

202 656 234 713 et
266 646 469 729 discrimina,
504 672 582 714 mox
617 658 649 713 et
677 648 814 734 gloriam
845 646 1121 726 communicabam
1155 670 1255 736 saepe
1287 652 1372 737 parti

202 761 362 828 exercitus
396 763 431 825 in
469 762 743 847 experimentum,
781 760 958 846 aliquando
991 759 1168 825 maioribus
1197 762 1302 847 copiis
1333 784 1373 825 ex

202 866 322 935 eventa
344 868 509 957 praefecit.
553 872 625 937 Nec
647 870 805 956 Agricola
825 892 981 957 umquam
1002 871 1036 933 in
1058 891 1150 935 susm
1172 870 1294 954 lamam
1313 885 1397 958 ge·3

202 980 261 1045 stis
290 981 481 1058 exsultavit3
510 982 552 1046 ad
581 990 747 1046 auctorem
773 1003 813 1046 ac
841 981 958 1050 ducem
985 990 1023 1045 ut
1042 982 1190 1045 minister
1211 981 1372 1046 fortunam

201 1089 369 1156 referebat.
413 1092 465 1155 Ita
491 1092 611 1157 virtute
639 1093 674 1155 in
705 1088 931 1177 obsequendo,
960 1090 1157 1157 verecundia
1184 1093 1219 1155 in
1241 1093 1371 1179 praedi·

203 1199 308 1266 cando
332 1210 422 1265 extra
441 1202 601 1266 invidiam
622 1224 683 1267 nec
705 1211 798 1266 extra
821 1202 960 1288 gloriam
982 1211 1058 1268 erat

287 1310 350 1375 IX.
386 1312 612 1378 Revertentem
644 1311 685 1378 ab
714 1312 881 1397 legatione
909 1312 1049 1398 legionis
1080 1312 1176 1377 divus
1194 1313 1372 1401 Vespasia-

198 1504 417 1566 pracposaerat‚
447 1498 645 1571 videbatarqaa
670 1498 767 1551 lacus
843 1499 976 1567 minister]
998 1499 1092 1554 Germ.
1108 1500 1152 1553 ein
1165 1500 1372 1569 Unterqebeacr,

202 1574 623 1645 cirtatibnspatafactas.
646 1576 767 1631 cfiinfra
809 1590 832 1628 c.
859 1576 1012 1645 Werlczeap.

202 1665 225 1703 c.
245 1654 286 1715 22,
307 1656 329 1706 1.
843 1654 994 1721 referebat]
1016 1651 1033 1707 i.
1053 1671 1076 1707 e.
1097 1653 1194 1707 deberi
1215 1653 1369 1723 iudicabat3

237 1726 347 1782 labores
374 1732 467 1799 modo]
504 1730 547 1785 Ita
575 1730 639 1785 Vat.
673 1736 700 1784 Γ.
731 1734 766 1785 Δ.
810 1730 846 1783 ci.
866 1732 901 1783 ad
922 1747 945 1784 c.
964 1736 989 1794 5,
1009 1735 1034 1783 2.

204 1806 289 1873 vulgo
307 1808 390 1859 modo
409 1807 527 1863 labores.
844 1806 873 1858 in
888 1806 1095 1875 praedicando]
1120 1825 1157 1862 sc.
1175 1825 1221 1862 res
1240 1827 1257 1862 a
1274 1826 1304 1862 se
1322 1826 1370 1879 ge·

237 1884 464 1954 communicabat]
494 1903 530 1939 sc.
552 1904 610 1939 cam
629 1902 675 1953 cc,
700 1884 716 1938 i.
741 1904 765 1939 e.
809 1890 880 1951 stas,
907 1882 925 1937 i.
945 1901 969 1937 e.
995 1885 1120 1938 modeste
1144 1886 1179 1939 de
1203 1888 1287 1939 rebus
1307 1903 1324 1938 a
1342 1904 1370 1940 se

202 1958 232 2012 ia
245 1968 357 2027 partem
374 1963 491 2017 vocabat
511 1981 572 2017 eum
587 1962 674 2033 primo
687 1963 764 2016 labo·
809 1960 891 2029 gestis
911 1961 1061 2031 loquenda.
1163 1966 1166 1970 ’

203 2054 263 2088 ram
280 2068 314 2077 —
331 2056 396 2091 mox
415 2038 497 2093 etiam
516 2040 630 2111 gloriae.
842 2046 920 2090 extra
938 2038 1083 2106 invidiam]
1103 2040 1203 2102 Extra,
1218 2046 1247 2093 ut
1259 2041 1370 2105 niteas

236 2114 266 2165 c'a
295 2116 517 2187 eaperimeatam]
550 2117 568 2172 i.
596 2134 621 2172 e.
651 2126 680 2171 at
706 2134 766 2171 eam
809 2114 1118 2185 Tacitoetaequalibus
1132 2115 1371 2187 dieiturprosina5

203 2191 387 2261 aspernatam
406 2211 430 2249 v.
451 2196 485 2247 ad
505 2194 529 2263 ξ.
549 2202 574 2249 3.
809 2194 843 2248 cf.
863 2192 933 2247 Hist.
952 2194 978 2257 1,
999 2198 1040 2255 49,
1061 2197 1085 2247 2.
1121 2194 1231 2247 Galbae
1251 2196 1371 2249 mediam

237 2283 269 2320 ea
292 2272 396 2339 cacata]
428 2272 475 2325 Ea
491 2272 517 2324 h.
536 2272 553 2324 l.
573 2272 678 2343 pariter
697 2278 765 2325 tem·
808 2270 959 2338 ispaniam,
984 2270 1074 2337 magis
1097 2279 1176 2324 entra
1199 2273 1268 2326 vitia
1286 2292 1370 2343 qoam

201 2345 276 2417 poris
301 2355 438 2419 potestate
463 2358 505 2403 est
530 2357 611 2419 past
636 2356 765 2413 eventum,
808 2366 868 2401 cmm
886 2348 1039 2400 virtatiiats.

202 2430 285 2495 atque
312 2441 426 2478 caussae
451 2424 478 2478 vi
505 2425 642 2495 significat
669 2445 765 2497 qoam
842 2442 891 2477 nec
917 2425 1006 2493 satra]
1044 2424 1119 2492 Nec,
1151 2422 1199 2478 uhi
1228 2426 1371 2497 restringit

202 2508 322 2553 eventum
339 2502 494 2571 astansem
518 2521 543 2556 v.
563 2506 599 2557 ad
618 2504 685 2559 Sall.
705 2502 764 2561 Cat.
807 2505 1023 2573 praecedentem
1042 2500 1215 2570 sententiam,
1227 2504 1302 2557 valet
1321 2520 1371 2557 aec

204 2582 243 2639 12,
263 2582 286 2631 2.
306 2578 350 2633 ed.
367 2579 403 2632 II.
434 2582 556 2635 anntae
575 2589 666 2633 autem
685 2599 765 2651 prae·
807 2588 916 2647 tamma,-
934 2579 970 2634 cf.
989 2584 1029 2645 18,
1044 2584 1068 2633 8.
1094 2582 1134 2642 19,
1152 2584 1176 2633 3.
1205 2584 1247 2643 22,
1261 2586 1287 2637 4.
1306 2590 1334 2635 et
1345 2600 1370 2637 v.

201 2652 440 2723 gnantisensuest
453 2665 708 2728 momenmentum
728 2659 763 2712 cf.
808 2660 845 2710 ad
869 2658 937 2711 Sall.
961 2658 1022 2727 Iug.
1043 2661 1091 2722 31,
1111 2662 1152 2711 27.
1175 2659 1219 2711 ed.
1238 2658 1274 2712 ΙΙ.
1300 2659 1371 2714 Hist.

202 2750 224 2784 c.
245 2737 292 2796 22,
311 2738 335 2788 3.
367 2736 484 2789 Damna
510 2737 624 2789 aestatis
643 2734 764 2789 hibernis
807 2735 853 2788 Fr.
871 2734 899 2798 Ι,
918 2738 958 2789 61.

202 2808 378 2863 eventibus
389 2828 515 2873 pensare.
541 2818 615 2877 27,2.
638 2814 766 2882 Prompti
841 2811 892 2864 IX.
905 2816 927 2865 1.
941 2812 1139 2879 Revertentem]
1160 2812 1223 2867 Non
1237 2818 1278 2865 est
1287 2810 1369 2877 idem,

197 2893 264 2955 post
281 2895 432 2942 socratam
445 2907 479 2943 aa
491 2891 666 2961 magniloqui
677 2896 763 2945 erant.
807 2892 884 2959 quod
910 2906 1062 2953 rcocrmam,
1093 2892 1143 2942 sed
1176 2890 1237 2958 ipso
1262 2891 1370 2943 redicas

201 2963 331 3028 Annii,
351 2968 392 3027 26,
412 2971 438 3023 2.
472 2968 509 3032 ΙΙ,
530 2972 571 3031 17,
592 2973 614 3022 1.
806 2975 927 3037 tempore
944 2966 1016 3035 (bei
1028 2966 1304 3035 seinerRa'tcltlceltr).
1324 2969 1369 3021 Ad

235 3046 259 3096 3.
286 3042 316 3095 ia
333 3056 412 3096 snam
422 3044 538 3110 samam
553 3074 587 3084 —
607 3044 763 3115 exsaltavit]
806 3042 926 3097 reditum
947 3042 1020 3096 enim
1047 3061 1102 3097 non
1125 3044 1213 3097 solnm
1233 3044 1368 3098 discessus

201 3118 218 3195 i,
238 3136 262 3172 e.
283 3118 418 3188 gloriatus
436 3128 489 3185 est,
510 3138 563 3191 qao
584 3123 640 3175 stat
654 3124 764 3186 famam
806 3120 866 3191 ipsc
890 3137 924 3174 ex
942 3120 1088 3174 Britannia
1106 3128 1189 3190 atque
1208 3120 1263 3173 iter
1282 3123 1368 3191 perti-

200 3206 350 3267 quaereret.
378 3196 482 3268 Insigni
496 3200 719 3271 breviloquentia
734 3201 764 3253 in
807 3206 867 3266 net,
896 3200 947 3252 sed
972 3198 1052 3253 etiam
1079 3198 1212 3250 adventas
1232 3198 1369 3268 Romam,-

200 3292 224 3329 c.
249 3290 305 3330 acc.
331 3274 387 3328 vim
417 3277 502 3330 habet
528 3278 679 3341 enuntiati,
707 3296 761 3348 qno
807 3276 841 3332 cf.
866 3294 888 3331 c.
916 3279 960 3343 18,
987 3281 1009 3329 7.
1048 3275 1155 3343 Qasppe
1177 3274 1224 3326 cai
1247 3274 1368 3342 inpre-

200 3353 269 3427 finis.
285 3352 342 3406 sive
362 3352 507 3407 consilium
528 3354 699 3421 continetur3
726 3354 761 3409 cf.
806 3353 924 3407 dicati
935 3352 1112 3422 provinciam
1129 3380 1163 3389 -
1179 3351 1261 3403 labor
1279 3358 1305 3404 ct
1318 3370 1367 3422 pe-

200 3446 223 3483 c.
243 3433 271 3493 5,
289 3434 313 3493 2.
345 3430 425 3484 Nittt
447 3438 577 3500 appetere
596 3432 632 3485 ia
650 3432 762 3485 iacta·
804 3430 924 3483 montom
942 3428 1110 3499 placitaret,
1135 3426 1182 3481 ubi
1205 3428 1367 3496 ingradi-

199 3508 335 3562 tionem.
368 3513 413 3570 10,
435 3513 457 3562 1.
483 3510 762 3579 Noaiacompona·
805 3508 880 3561 eati
913 3525 968 3560 non
1001 3506 1091 3559 solum
1121 3508 1286 3574 adventum,
1319 3508 1368 3561 sed

198 3583 337 3637 tionem-
348 3584 480 3651 referam.
511 3590 551 3653 18,
571 3590 594 3641 8.
612 3588 761 3657 Prosperi-
804 3584 894 3657 prima
908 3582 1153 3637 administrationis
1168 3582 1283 3637 consilia
1295 3602 1368 3639 com·

198 3666 253 3713 tate
278 3676 371 3713 reram
400 3660 436 3713 ia
467 3663 663 3717 vanitatem
689 3682 762 3720 asae.
805 3662 950 3733 plectitur;
971 3680 996 3717 v.
1017 3663 1053 3714 ad
1072 3661 1138 3715 Sall.
1158 3662 1217 3731 Ing.
1239 3666 1278 3729 10,
1297 3667 1321 3717 2.

198 3742 645 3805 25,1.31,2.31,5.35,2.24,1.
676 3744 763 3795 Unam
837 3739 1175 3808 interpatriciosascmit]
1195 3738 1280 3801 Quod
1293 3739 1368 3810 prio-

199 3829 231 3867 ea
250 3812 407 3882 12911Ιί1-
429 3814 463 3868 in
481 3818 703 3871 occasionem
719 3836 762 3873 re·
804 3834 849 3870 res
869 3818 1050 3887 imperatores
1069 3815 1218 3886 aliquoties
1236 3816 1367 3885 fecerant,

198 3890 367 3944 1111εό111.-
407 3892 495 3947 Saam
512 3911 573 3947 eum
593 3894 619 3948 vi
640 3894 761 3966 priorem
805 3902 835 3948 nt
859 3894 1002 3948 exstinctis
1019 3893 1163 3948 veteribus
1187 3892 1367 3964 patriciorum

198 3968 290 4022 locum
315 3969 436 4038 obtinet3
463 3986 518 4023 non
542 3972 693 4027 exsultavit
718 3976 761 4043 A,
804 3971 933 4042 gentibus
963 3988 1049 4025 navos
1071 3970 1203 4042 patricios
1229 3988 1265 4025 ex
1290 3971 1367 4041 eqni·

199 4062 233 4099 ne
245 4046 300 4107 sibi
312 4056 462 4117 arrogaret,
481 4050 558 4119 quod
570 4050 644 4103 alias
661 4061 743 4105 esset.
804 4050 878 4104 tibus
898 4056 946 4102 aut
966 4047 1082 4118 plebeiis
1096 4048 1272 4116 asciscerent,
1292 4050 1366 4102 idem

232 4124 274 4175 ad
292 4124 442 4191 caeteram]
474 4124 490 4177 i.
510 4142 533 4180 a.
553 4128 588 4179 sd
609 4145 687 4193 eum,
713 4127 760 4201 qui
805 4134 833 4181 et
850 4124 1040 4197 Vespasianus
1065 4125 1140 4181 fecit.
1180 4124 1223 4179 De
1247 4124 1366 4181 Claudio

199 4199 315 4264 iuberet,
336 4200 469 4273 cuiusque
483 4203 610 4275 auspiciis
623 4222 668 4259 res
681 4224 761 4275 gere·
804 4204 920 4274 insignis
953 4204 1029 4257 locus
1059 4210 1103 4256 est
1133 4204 1207 4273 apud
1238 4202 1367 4257 Tacitum

196 4284 300 4331 rentur.
804 4284 875 4337 Ana.
895 4280 952 4347 xl,
971 4286 1017 4348 25,
1037 4284 1061 4335 2.
1096 4280 1202 4333 Iisdem
1222 4280 1318 4333 dicitas
1337 4282 1367 4334 ia

231 4353 633 4425 aedaeemlltaVat.1'.A.
667 4360 760 4433 Vulgo
802 4376 943 4413 camaram
960 4357 1149 4428 patricicmm
1172 4357 1272 4411 meaa
1297 4359 1366 4413 Cae·

196 4438 222 4489 et
239 4432 343 4488 docem.
802 4454 853 4492 sar
869 4437 1079 4493 oeantaaimom
1091 4442 1366 4507 qaemqaeesenota,
